4154 5452
1064 424 1136 472 scr.
1159 407 1300 480 5,28·30.
1786 406 1843 467 105

515 554 665 624 medium
680 554 877 645 proferunt,
895 582 934 626 er
957 580 1027 650 quo
1050 554 1222 624 accusatio
1237 553 1383 622 formari
1401 558 1511 642 potest
1531 552 1576 620 ob
1599 558 1695 637 t,18;
1718 568 1751 624 ct
1769 578 1845 624 ecce

511 661 663 751 replestis
682 662 866 732 Ierusalem
890 663 1051 733 doctrina
1071 674 1183 729 vestra
1202 674 1235 729 ct
1255 659 1361 727 vultis
1378 657 1542 727 inducere
1560 681 1664 750 super
1682 681 1743 728 nos
1762 685 1843 730 san·
1975 684 1977 687 ·

509 768 648 858 quinem
665 766 816 838 leontinis
836 771 950 855 istim,
972 768 1076 837 vultis
1091 770 1192 837 nobis
1204 769 1378 860 imputare
1388 769 1520 834 crimen
1536 764 1732 845 homicidii,
1748 769 1842 855 quod

509 875 615 962 impie
628 895 707 941 eum
721 876 941 946 innocentem
957 876 1184 944 occiderimus
1199 882 1233 944 at
1248 876 1295 942 ita
1305 874 1405 942 uobis
1418 874 1570 942 conflare
1579 872 1786 963 periculum,
1804 879 1843 939 ut

512 978 680 1049 seditione
694 982 907 1074 plebislacta
924 981 1007 1049 ultio
1022 982 1064 1050 de
1083 983 1186 1051 nobis
1199 985 1356 1072 capiatur
1375 981 1433 1070 (cl.
1450 979 1559 1049 Solon.
1579 978 1700 1070 Lep),
1724 981 1760 1046 in
1782 1001 1845 1046 nos

514 1086 652 1178 culpam
679 1089 793 1157 caedis
816 1087 988 1156 coniicere
1015 1088 1134 1157 vultis!
1165 1094 1273 1156 Antea
1303 1088 1538 1155 clamaverant
1565 1111 1574 1153 ε
1602 1085 1746 1174 sanguis
1769 1085 1844 1152 eius

514 1216 692 1286 supernos
711 1200 745 1262 et
763 1214 868 1283 super
881 1193 970 1263 filios
983 1203 1121 1263 nostros
1141 1194 1270 1283 (tlattb.
1288 1192 1425 1282 27,25);
1441 1196 1470 1260 si
1485 1194 1603 1284 itaque
1619 1193 1702 1284 quid
1721 1190 1844 1282 culpae

513 1303 558 1367 sit
570 1300 608 1367 in
623 1299 726 1367 caede
748 1299 838 1384 eius,
853 1299 893 1367 id
913 1323 948 1369 se
965 1301 1109 1369 minime
1124 1299 1252 1381 vereri,
1267 1319 1407 1365 omnem
1422 1299 1467 1364 -in
1490 1321 1525 1365 se
1549 1305 1684 1367 reatum
1706 1304 1741 1366 et
1762 1320 1845 1389 poe-

513 1428 593 1473 nam
613 1407 785 1496 suscipere
798 1406 887 1476 velle
907 1406 1139 1499 spondebant.
1161 1405 1382 1496 Ipsiseorum
1399 1404 1516 1471 verbis
1534 1405 1760 1472 confirmatur
1773 1426 1845 1472 ma·

503 1533 620 1598 >gnum
640 1512 710 1579 iarn
732 1512 890 1582 exsistere
912 1515 947 1581 in
967 1513 1055 1582 urbe
1075 1533 1263 1581 numerum
1283 1511 1441 1579 fidelium
1460 1517 1496 1578 et
1513 1509 1686 1602 reliquam
1705 1510 1842 1601 plebem

514 1620 628 1685 favere
646 1618 820 1708 apostolis.

556 1723 755 1792 Miraculosa
785 1725 1010 1808 liberatione,
1032 1724 1223 1793 monitione
1258 1725 1392 1813 angeli,
1419 1725 1693 1813 synedristarum
1723 1729 1844 1790 contra

514 1830 691 1898 veritatem
720 1831 939 1900 contumacia
964 1835 1084 1899 Petrus
1107 1830 1153 1898 ad
1187 1830 1355 1899 maiorem
1384 1830 1583 1899 accenditur
1610 1828 1845 1920 respondendi

515 1937 753 2005 fortitudinem
768 1942 803 2005 et
820 1937 1035 2020 libertatem,
1052 1958 1086 2003 v.
1107 1944 1150 2005 29
1165 1936 1375 2027 respondens
1386 1948 1502 2004 cutem
1514 1939 1637 2004 Petrus
1651 1949 1685 2003 et
1695 1935 1845 2027 apostoli

516 2042 696 2130 dicerunt,
726 2046 846 2111 Petrus
877 2041 1008 2133 ubique
1035 2044 1167 2133 primas
1190 2048 1353 2134 apparet,
1380 2042 1441 2132 qui
1466 2042 1606 2110 nomine
1627 2041 1843 2133 reliquorum

517 2149 681 2237 loquitur,
698 2149 754 2216 cui
768 2147 925 2239 loquenti
942 2148 1051 2218 ceteri
1069 2147 1126 2216 vel
1146 2147 1260 2217 verbis
1278 2149 1334 2216 vel
1352 2148 1494 2216 nutibus
1511 2170 1547 2216 se
1563 2150 1755 2216 consentire
1773 2169 1846 2215 ma-

516 2255 698 2323 nifestant:
714 2253 849 2323 obedire
866 2267 998 2347 oportet
1015 2258 1086 2322 Deo
1098 2255 1213 2346 mapis
1230 2277 1336 2346 quam
1349 2253 1561 2343 bominibus,
1580 2255 1733 2343 gravius,
1749 2276 1844 2322 seve·

501 2362 587 2428 -rius
606 2383 712 2451 quam
731 2368 834 2430 antea
852 2361 1018 2453 loquitur,
1039 2383 1154 2452 neque
1177 2361 1270 2430 enim
1285 2384 1344 2429 eos
1362 2366 1559 2430 reverenter
1578 2361 1783 2452 compellat,
1808 2367 1846 2427 ut

504 2474 585 2548 ›lc,8,
603 2490 716 2558 neque
735 2468 782 2535 ad
795 2467 950 2559 ipsorum
971 2467 1140 2536 iudicium
1160 2474 1324 2559 provocat
1344 2467 1513 2551 modeste,
1531 2468 1582 2536 uti
1607 2474 1699 2549 uta,
1723 2488 1845 2534 verum

516 2573 757 2641 maximarum
776 2574 1027 2644 asseveratione
1041 2574 1085 2642 iis
1098 2575 1249 2662 denegat
1270 2574 1506 2642 obedientiam
1526 2595 1632 2664 quam
1649 2573 1712 2640 soli
1728 2577 1795 2639 Deo
1810 2595 1846 2640 se

516 2678 641 2746 debere
656 2681 692 2747 in
706 2702 742 2747 re
755 2679 930 2768 evangelii
943 2679 1170 2772 praedicandi
1179 2681 1347 2749 affirmat.
1364 2680 1595 2749 Cumevidens
1606 2681 1651 2747 sit
1665 2679 1731 2747 tale
1747 2700 1844 2746 man·

514 2784 630 2853 datum
655 2785 695 2852 iis
719 2807 740 2853 a
765 2786 896 2853 Christo
919 2786 1039 2854 datum
1063 2809 1136 2855 esse
1150 2786 1256 2878 idque
1274 2787 1320 2855 ab
1340 2786 1463 2874 angelo
1479 2786 1593 2855 denuo
1607 2786 1842 2868 inculcatum,

515 2914 667 2959 summus
681 2891 740 2958 ille
755 2892 977 2979 magistratus
999 2893 1237 2984 prohibitione
1264 2915 1327 2961 sua
1351 2893 1565 2983 apertissime
1589 2900 1709 2960 contra
1738 2897 1844 2959 Deum

516 2997 603 3085 agit;
621 2998 720 3087 proin
739 2999 813 3067 eius
834 2997 1037 3066 mandatum
1062 2999 1160 3066 omni
1177 2999 1374 3067 destituitur
1404 2998 1625 3078 auctoritate;
1648 2997 1716 3089 ipsi
1744 3019 1844 3086 syne-

517 3103 643 3171 dristae
658 3104 727 3172 iam
741 3127 812 3171 non
830 3109 1000 3194 potestate
1015 3128 1036 3173 a
1059 3109 1129 3174 Deo
1143 3105 1226 3173 data
1239 3104 1474 3196 praecipiunt;
1492 3107 1594 3196 proin
1610 3105 1703 3173 valet
1722 3103 1812 3172 illud
1834 3127 1843 3169 ε

516 3216 650 3303 oportet
669 3218 757 3294 etc.;
774 3211 842 3300 ipsi
860 3210 898 3278 in
916 3233 957 3278 eo
975 3210 1141 3279 mundato
1153 3212 1301 3280 iamnon
1320 3217 1401 3278 sunt
1415 3211 1637 3298 magistratus
1654 3211 1842 3299 legitimus,

516 3317 752 3385 vorumsolum
765 3316 918 3384 homines
935 3320 995 3407 qui
1011 3340 1083 3385 sose
1099 3322 1165 3386 Deo
1180 3325 1373 3409 opponunt.
1391 3318 1520 3398 Quibus
1534 3317 1758 3387 consideratis
1770 3338 1846 3384 om-

502 3424 564 3489 ·nis
583 3423 710 3491 abusus
733 3423 805 3490 eius
824 3425 1014 3491 sententiae
1033 3423 1243 3508 excluditur;
1261 3423 1367 3493 debet
1388 3424 1481 3492 enirn
1500 3430 1594 3492 certo
1618 3430 1775 3491 constare
1801 3422 1844 3491 de

513 3531 569 3597 Dei
589 3529 764 3597 mandato.
782 3529 878 3608 Quod
897 3533 1016 3597 Petrus
1030 3553 1071 3597 ex
1087 3531 1161 3621 ipsa
1183 3553 1257 3598 rea
1276 3537 1344 3600 Deo
1366 3531 1459 3599 lacta
1477 3532 1613 3622 probat,
1631 3554 1664 3598 v.
1691 3537 1733 3599 30
1756 3533 1846 3598 Deus

505 3648 650 3728 =potrum
665 3647 858 3702 nostrorum
873 3636 1053 3703 suscitavit
1065 3638 1177 3704 lesum
1183 3688 1195 3719 ,
1211 3659 1314 3728 quem
1325 3660 1384 3705 cos
1398 3637 1621 3705 interemistis
1634 3645 1845 3726 διεχειρίσασθε

515 3744 610 3832 quasi
634 3741 783 3833 propriis
805 3741 966 3810 manibus
987 3741 1176 3827 occidistis,
1208 3744 1361 3831 graviter
1382 3743 1543 3832 designat
1565 3765 1624 3811 eos
1644 3743 1736 3811 solos
1750 3752 1843 3811 ⁴auc·

514 3855 619 3929 toros,
641 3855 675 3915 et
689 3870 792 3937 quam
812 3848 1044 3936 ignominiose
1066 3848 1103 3916 in
1122 3870 1200 3917 eum
1226 3872 1349 3917 manus
1362 3849 1544 3918 iniecerint
1567 3850 1721 3918 declarat
1743 3869 1752 3918 ε
1772 3872 1845 3918 sns-

508 3952 699 4044 prandentes
715 3954 753 4021 in
766 3953 860 4044 liqna
872 3954 944 4022 scil.
971 3955 1064 4022 hanc
1079 3962 1226 4023 mortem
1252 3956 1305 4024 illi
1320 3957 1450 4025 inferre
1469 3955 1649 4040 volebant,
1667 3957 1750 4047 quia
1771 3978 1843 4023 ma-

511 4060 655 4128 ledictus
668 4060 780 4127 omnis
804 4060 866 4149 qui
887 4060 1015 4151 pendet
1036 4061 1071 4128 in
1087 4061 1182 4148 ligno
1203 4062 1261 4152 (ci.
1294 4066 1391 4130 Deut.
1414 4068 1530 4146 2133.
1548 4067 1612 4131 los,
1636 4069 1749 4143 tunc.
1767 4063 1840 4130 Gal.
1861 4068 1865 4073 ’

513 4167 622 4255 3,13):
643 4166 764 4234 eodem
784 4165 888 4233 modo
909 4171 1029 4234 Petrus
1047 4168 1202 4258 loquitur
1219 4175 1319 4252 10,39
1335 4176 1370 4236 et
1394 4170 1430 4237 in
1448 4168 1565 4261 priore
1584 4169 1726 4260 epistola
1747 4175 1840 4250 mi.

512 4278 556 4340 Ex
572 4273 745 4340 mentione
764 4273 883 4340 mortis
902 4279 1049 4364 apparet
1063 4273 1152 4342 illud
1167 4274 1349 4343 suscitavit
1369 4288 1489 4366 ἤγειρεν
1505 4298 1577 4344 esse
1595 4275 1689 4343 idem
1710 4298 1750 4343 ac
1768 4298 1841 4343 sus-

510 4381 616 4446 citare
627 4403 668 4447 cx
683 4379 826 4447 mortuis
841 4379 956 4469 (3,15;
975 4386 1071 4464 t,10;
1089 4381 1217 4472 13,30),
1233 4404 1394 4452 revocare
1403 4381 1450 4450 ad
1460 4385 1580 4464 vitam,
1595 4388 1630 4450 et
1642 4404 1713 4449 non
1727 4382 1840 4450 solum

509 4487 620 4554 iacere
642 4485 795 4576 prodire,
809 4485 961 4569 mittere,
978 4486 1031 4553 uti
1044 4486 1172 4555 dicitur
1187 4488 1351 4557 suscitare
1365 4490 1575 4580 prophetam
1588 4487 1718 4578 (tlattb.
1737 4495 1837 4571 11‚11

511 4597 565 4660 sir.
589 4602 754 4683 ἐγήγερται
773 4592 885 4660 maior
904 4596 1048 4676 loanne;
1072 4597 1187 4675 aun.
1208 4600 1288 4663 Luc.
1312 4596 1419 4688 mli).
1445 4600 1537 4675 Quae
1557 4596 1711 4686 acceptio
1735 4593 1839 4662 etiam

515 4698 689 4766 mentione
713 4699 926 4768 exaltationis
939 4699 1099 4786 exigitur.

559 4810 662 4884 Quem
681 4803 894 4894 synedristae
909 4810 1005 4874 tanta
1019 4805 1212 4894 ignominia
1232 4808 1499 4894 interemerunt,
1517 4815 1604 4879 Deus
1628 4832 1700 4878 non
1727 4809 1840 4878 solum
