4128 5442
253 326 293 387 26
535 402 539 407 p
707 312 718 363 J
837 343 902 389 scr.
927 327 988 401 1‚i.

152 440 174 459 Γ
254 480 321 546 quid
347 481 618 546 statls.asplolentes
639 482 669 531 tu
690 453 821 532 eoelum?
843 479 890 529 hic
934 473 1053 547 ἑστήκατε
1078 473 1213 544 βλίττοντες
1239 468 1275 534 εἰς
1298 473 1339 525 τὸν
1365 470 1486 541 ciperon
1512 462 1585 531 οὗτος

7 534 23 603 ’ἱ
58 634 65 641 ¹
108 634 121 649 Ι,
182 568 184 573 ’
254 567 333 620 lesus
346 571 394 635 qut
412 574 570 636 assumptus
588 571 632 621 est
649 567 762 620 euobis
779 569 809 618 in
823 578 889 618 cce·
933 561 1100 628 ὁἸηοοῦςὸ
1127 558 1300 630 ἀναλημφθεὶς
1323 557 1457 634 ἀρ’,ὓμῶν
1482 555 1516 619 εἰς
1540 556 1584 610 τὀν

222 690 224 696 ι
253 658 326 720 lum,
344 660 510 721 steterumt,
529 655 766 722 quemadmodum
779 653 888 703 vidistis
933 647 1050 719 ohpcvhv,
1075 640 1306 723 structhiones
1329 647 1361 700 hs
1389 646 1484 717 τρόπον
1512 643 1585 725 iducis

253 759 318 799 eum
332 750 444 800 euntem
457 748 487 797 ln
500 745 620 797 eoelum.
811 730 817 735 ’
933 735 1009 789 cache
1028 734 1103 788 αὖτὀν
1121 735 1292 805 πορευόμενον
1311 732 1346 796 εἰς
1363 739 1407 788 τὸν
1426 734 1543 805 οὐρανόν.

292 836 333 888 tt.
353 835 432 886 Tunc
450 833 556 885 reversi
574 834 640 882 sunt
659 829 889 892 lerosolymam
973 826 1014 878 m.
1035 822 1098 877 Τότε
1116 821 1268 893 interpatet
1292 819 1327 885 εἰς
1348 820 1517 894 Ἰερουσαλὴμ
1535 819 1584 875 ἀπὸ

253 928 349 975 monte
367 923 417 987 qul
434 924 550 972 vocatur
564 917 733 992 Oilvettqul
749 918 792 967 est
811 916 890 966 iuxta
933 911 1007 983 ὄροος
1030 915 1075 965 τοῦ
1102 909 1260 982 καλουμένου
1290 907 1445 979 Ἐλαιῶνος,
1473 911 1489 964 t
1517 909 1584 963 ἔστιν

7 992 10 1095 ξ
55 1027 60 1034 ·
111 1010 144 1017 ··
252 1002 890 1071 leunuem,ssmmnabens1ter.1s.m
934 998 1008 1072 cni,
1039 997 1221 1072 Ἰερουσαλὴμ,
1250 996 1377 1052 cassem
1414 998 1476 1068 τχον
1512 998 1582 1052 ssu.

252 1112 337 1166 quum
353 1096 516 1148 introissent
534 1095 563 1144 ln
577 1092 776 1155 coenaculum,
790 1103 888 1143 ascen·
937 1092 979 1144 13.
1000 1088 1049 1141 liet
1070 1090 1112 1142 trs
1132 1087 1264 1155 εἰσῆλθον,
1285 1085 1320 1150 εἰς
1343 1086 1373 1140 rt
1396 1085 1509 1158 δτνρῷον
1529 1086 1584 1139 &st-

252 1187 354 1238 derunt
364 1184 411 1235 uht
422 1182 573 1255 manehant
585 1182 700 1246 Petrus,
714 1183 744 1233 et
757 1180 887 1243 Ioannes,
934 1175 1014 1244 Gneus
1040 1172 1070 1230 οὗ
1092 1171 1157 1244 ἦσαν
1182 1179 1378 1248 καταμένοντες,
1399 1177 1413 1228 ὅ
1440 1193 1466 1229 τε
1492 1175 1583 1243 Πέτρος

7 1224 37 1277 Β
172 1306 174 1311 f
252 1272 384 1335 Iacobus,
398 1275 426 1322 et
440 1270 581 1334 Andreas,
597 1271 758 1340 Philippus,
772 1268 889 1322 st'l'ho·
933 1266 975 1319 ml
996 1263 1100 1333 Ἰωάνης
1122 1264 1166 1319 καὶ
1186 1263 1307 1327 Ἰάτωὸος
1330 1264 1374 1318 καὶ
1394 1262 1516 1335 Ἀνδρίοις,
1535 1262 1583 1315 ot·
1641 1315 1643 1319 .

7 1384 32 1419 .“
107 1354 135 1421 ’,
251 1372 327 1422 mas,
342 1360 588 1424 Bartholomaeus,
602 1361 632 1412 et
649 1359 822 1422 Matthaeus,
842 1357 890 1408 Ia-
932 1352 1023 1418 λοτντος
1043 1352 1087 1408 καὶ
1111 1352 1212 1425 θορῆς,
1226 1351 1427 1426 ,Βαρθολομαῖος
1445 1351 1489 1406 καὶ
1507 1351 1582 1405 Μαθ-

252 1449 339 1502 oobus
365 1448 506 1515 Alphaet,
526 1450 555 1501 et
585 1447 682 1501 Simon
710 1448 833 1509 zelotes,
861 1449 890 1498 et
935 1440 1021 1513 θαῖος,
1059 1440 1180 1505 ’imatos
1210 1441 1330 1514 Ἀλροῑοο
1367 1441 1411 1495 sci
1451 1441 1536 1512 Σίμων
1568 1440 1583 1492 ὁ

7 1514 26 1600 ²2³
135 1578 140 1584 .
253 1536 890 1600 rumnsor1.ri.1rr„0mnesoanrpsrse-
933 1530 1067 1600 esiam,
1091 1531 1134 1585 sa
1160 1529 1254 1593 ’rum
1280 1528 1411 1584 ’reuco
1444 1533 1485 1584 u.
1510 1524 1581 1582 mu

10 1646 28 1661 ¹·
157 1654 160 1661 ·
251 1629 381 1679 vorantes
392 1618 601 1679 unanimitatis
611 1627 740 1677 oratione
753 1635 817 1674 otim
830 1634 891 1673 mu·
934 1620 1022 1683 πάντες
1034 1615 1098 1687 ἦσαν
1111 1622 1354 1691 προσκαρτεροῦντες
1373 1617 1535 1689 ὁμοθυμαδὸν
1550 1626 1581 1689 τῇ

252 1713 382 1774 llerlhus,
396 1719 424 1765 et
442 1713 530 1765 uaria
544 1715 632 1764 matre
653 1711 729 1774 Iesu,
748 1713 777 1762 et
794 1709 890 1761 tratri·
934 1711 1062 1782 προσευχῇ
1079 1705 1124 1760 ciis
1139 1705 1251 1778 γυναιξὶν
1271 1706 1314 1759 καὶ
1331 1708 1441 1778 Μαρίοιμ
1454 1709 1486 1777 τῇ
1506 1707 1582 1776 μητρὶ
1612 1706 1614 1709 ’

136 1834 139 1837 -
253 1801 306 1853 hus
320 1803 389 1853 elus.
937 1792 1033 1863 Ἰησοῦ,
1048 1795 1091 1848 καὶ
1105 1795 1149 1848 siis
1164 1800 1218 1856 τοῖς
1236 1793 1354 1865 ἀδελφοῖς
1368 1794 1453 1848 αὐτοῦ.

263 1996 265 1999 -
290 1959 323 2012 ln
335 1974 364 2013 r.
380 1954 612 2028 immittemus
624 1957 678 2011 Did
690 1957 783 2024 Epiph
796 1959 878 2027 pauci
890 1960 1014 2020 minuam
1030 1956 1086 2009 add
1100 1972 1223 2022 ηκοοσαττ
1244 1973 1319 2025 φησιν
1336 1955 1379 2006 δια
1392 1972 1437 2008 του
1455 1972 1580 2025 στοματος

7 2018 33 2117 'i
173 2032 177 2038 ¹
254 2064 301 2117 μου
315 2045 353 2100 D‘
370 2048 420 2100 lux
435 2047 505 2112 vulg
520 2048 596 2098 aeth.
612 2047 688 2111 Aug,
703 2045 831 2097 slmlllter
849 2045 896 2096 ltu
914 2044 1006 2097 (laud.
1021 2046 1096 2111 inv·
1112 2048 1128 2097 5
1146 2045 1202 2098 add
1216 2061 1259 2096 και
1280 2060 1295 2096 ο
1314 2041 1422 2115 μελλτττ
1441 2040 1579 2114 tarsicius

253 2134 288 2188 D*
300 2136 340 2188 tol
352 2136 417 2200 Aug
427 2135 474 2186 ΗΠ
484 2134 550 2186 Max
561 2134 658 2200 (taur);
674 2132 731 2185 add
740 2147 786 2193 τως
798 2147 843 2198 της
854 2148 1018 2198 ττντητοοτης
1032 2132 1071 2184 D*
1088 2134 1154 2199 Aug
1165 2134 1227 2186 sah.
1245 2134 1280 2186 In
1294 2147 1321 2184 v.
1338 2135 1354 2185 9
1371 2135 1394 2186 D
1407 2149 1486 2184 ταντα
1498 2148 1580 2185 τιτον-

252 2239 293 2284 τος
305 2238 379 2275 cosm
401 2218 489 2290 ντριλν
501 2216 624 2273 ummo
640 2235 715 2271 τντον
731 2237 773 2271 ναι
785 2218 950 2290 scropha-am
963 2218 1021 2290 οφθ.
1042 2237 1124 2272 οντων
1139 2223 1193 2274 sim
1208 2228 1272 2288 Aug
1284 2223 1348 2274 sah.
1364 2223 1396 2273 ln
1409 2237 1436 2273 ν.
1455 2225 1483 2274 it
1499 2224 1522 2274 D
1538 2224 1578 2275 tol

250 2325 297 2366 om
312 2327 345 2371 τις
357 2325 462 2379 ονρανον
475 2308 641 2362 secundum.
737 2327 739 2331 ¹

293 2442 350 2535 Uti
385 2465 545 2534 viderunt
577 2464 648 2553 iam
675 2463 783 2532 Solen.
815 2419 901 2555 hap.
926 2470 961 2533 ct
987 2465 1145 2556 plerique
1174 2466 1409 2533 recentiorum
1436 2488 1577 2555 quoque

249 2579 439 2661 agnoscunt
463 2573 520 2663 (ci.
537 2570 629 2641 Bccl.
651 2570 738 2638 Bels.
762 2571 855 2661 Hilq.
873 2570 900 2639 l.
915 2571 976 2661 c),
995 2572 1052 2639 hic
1066 2576 1173 2639 Lucas
1189 2571 1287 2662 loqui
1301 2571 1426 2662 incipit
1440 2572 1483 2640 de
1503 2573 1577 2663 ipso

250 2676 453 2746 moensimis
472 2677 541 2746 die.
564 2681 650 2776 uam·
667 2675 809 2768 planum
831 2683 884 2745 est
903 2676 939 2745 id
962 2677 1057 2768 quod
1077 2700 1171 2746 nunc
1187 2684 1310 2745 narrat
1322 2700 1394 2745 non
1408 2700 1508 2769 posse
1523 2701 1577 2745 re-

219 2874 222 2879 ,
249 2784 332 2853 terri
353 2783 396 2851 ad
418 2783 505 2852 illud
525 2790 566 2854 66
585 2782 721 2852 dierum
738 2782 904 2874 spatium,
922 2783 973 2851 uti
997 2782 1125 2852 Wendt
1139 2784 1225 2853 vult.
1244 2782 1360 2852 Modus
1382 2784 1475 2852 enim
1494 2806 1576 2852 nar·

249 2889 350 2959 rendi
365 2895 400 2957 et
412 2890 524 2981 ipsum
538 2892 784 2979 argumentum
801 2889 931 2973 obstst3
953 2912 987 2957 v.
1011 2897 1030 2959 6
1051 2903 1084 2958 et
1100 2912 1304 2959 convescens
1313 2890 1494 2981 proecepit
1509 2892 1572 2976 eis,

250 2998 293 3066 ab
312 2996 527 3086 lerosolymu
547 3018 590 3064 nc
608 2994 820 3065 discederent
840 2994 866 3066 i.
889 3018 920 3065 e.
944 2996 1028 3064 dum
1047 3018 1127 3064 cum
1142 2997 1185 3064 iis
1198 3019 1338 3070 mensae
1356 2999 1577 3065 accumberet

250 3103 424 3194 praecepit
434 3107 497 3170 etc.
507 3120 517 3184 3
529 3100 568 3170 id
581 3101 625 3170 de
640 3123 710 3171 uno
723 3100 841 3193 aliquo
850 3109 976 3171 eventu
989 3108 1069 3193 apte
1079 3101 1227 3187 dicitur3
1244 3104 1363 3192 inepte
1378 3106 1576 3198 enuntiare-

249 3213 307 3275 tur
320 3208 364 3277 dc
383 3207 534 3298 repetitis
552 3207 622 3276 illis
633 3208 912 3299 apparitionibus
926 3231 959 3277 ν.
979 3216 1012 3277 3.
1031 3208 1127 3276 Idem
1142 3207 1309 3277 suadetur
1326 3209 1440 3277 forma
1454 3220 1575 3297 παρήγ-

249 3322 367 3405 γειλενς
383 3312 476 3382 idem
495 3311 606 3381 elucet
622 3334 662 3380 ex
680 3335 720 3382 .v.
739 3321 775 3398 6,
789 3314 827 3382 in
847 3336 915 3406 quo
930 3313 973 3381 de
988 3311 1044 3382 dis
1060 3314 1268 3383 ascensionis
1282 3336 1478 3383 sermonem
1500 3315 1576 3382 sieri

249 3441 367 3488 omnes
389 3417 591 3488 concedunt.
612 3417 678 3488 Sed
698 3418 764 3487 iste
785 3442 904 3488 versus
927 3420 1100 3511 particula
1123 3424 1174 3490 οὖν
1194 3427 1288 3490 arcte
1312 3420 1508 3489 adnectitur
1531 3422 1574 3488 ad

229 3546 231 3551 ’
247 3525 494 3609 antecedentia,
510 3546 588 3593 cum
603 3523 757 3616 quaestio
773 3523 835 3593 illa
852 3548 891 3593 ex
904 3526 1019 3594 verbis
1036 3526 1159 3594 Christi
1175 3529 1212 3594 in
1227 3549 1261 3594 v.
1281 3535 1313 3596 t.
1330 3535 1350 3595 5
1367 3528 1484 3595 relatis
1499 3535 1575 3595 orta

246 3631 461 3712 exhibentem
484 3632 626 3723 insuper
652 3642 679 3701 ot
704 3637 896 3712 συνελθόντες
915 3653 949 3698 ν.
976 3638 996 3698 6
1020 3636 1101 3699 sunt
1123 3631 1232 3700 iidem
1255 3654 1336 3699 cum
1359 3637 1462 3714 αὺτοῖς
1485 3655 1517 3699 ν.
1541 3640 1572 3700 6.

246 3740 324 3803 Post
344 3738 625 3805 resurrectionem
641 3737 786 3804 iusserat
804 3734 993 3827 discipulos
1015 3736 1112 3804 abire
1131 3735 1168 3804 in
1188 3738 1390 3807 Galilaeam.
1412 3742 1460 3809 Nc
1480 3739 1574 3806 idem

245 3841 372 3910 faciant
392 3847 469 3933 post
485 3843 720 3911 ascensionem
741 3850 935 3933 praecavet.
958 3847 998 3911 ln
1017 3841 1222 3928 Ierusalem,
1247 3845 1285 3910 in
1305 3845 1394 3912 urbe
1414 3845 1574 3936 principe

246 3947 370 4017 veteris
396 3948 616 4034 themnatha,
640 3969 768 4015 novum
798 3968 944 4037 regnum
971 3948 1030 4015 Dei
1057 3946 1216 4017 sollemni
1244 3948 1346 4018 modo
1369 3950 1573 4039 inaugurari

244 4051 330 4120 vult.
353 4050 527 4140 Neigitur
548 4049 594 4120 ab
616 4050 704 4120 urbe
723 4049 956 4134 discederent,
982 4053 1033 4120 uti
1052 4051 1247 4121 necessario
1274 4054 1431 4144 praecipi
1451 4054 1574 4124 debuit

246 4163 327 4227 ante
353 4157 599 4242 ascensionem,
629 4156 679 4225 ita
701 4177 769 4225 non
792 4158 994 4249 pertinuisse
1018 4158 1064 4227 ad
1091 4158 1240 4251 spatium
1267 4166 1311 4228 60
1337 4159 1474 4228 dierum
1498 4162 1573 4230 aliis

248 4262 501 4333 narrationibus
509 4262 701 4333 ostenditur
711 4264 838 4355 (ltatth.
855 4270 1015 4348 28,'1.16.
1032 4269 1130 4334 llarc.
1151 4271 1243 4351 16,7.
1259 4269 1353 4333 ioan.
1371 4272 1448 4349 ti‚i
1467 4268 1569 4358 seq.).

248 4368 378 4440 Pariter
392 4371 421 4440 si
434 4390 491 4439 ecs
506 4369 604 4439 iubet
617 4381 812 4463 exspectare
826 4370 933 4439 alium
947 4370 1168 4454 Paraclitum,
1187 4370 1275 4440 haec
1287 4369 1356 4440 iam
1371 4379 1452 4441 sunt
1466 4373 1573 4441 verba

247 4478 380 4548 abitum
393 4475 562 4569 parantis,
578 4475 640 4545 sed
651 4487 886 4573 exspectarent
897 4477 1162 4567 promissionem
1178 4476 1297 4545 Patris
1312 4487 1366 4563 τὴν
1385 4488 1570 4568 ἐπαγγελίαν

246 4615 276 4655 τ.
297 4614 331 4654 τ.
350 4585 400 4652 uti
414 4588 493 4652 Luc.
509 4585 564 4670 st,
582 4588 637 4667 ts,
658 4580 731 4653 scit.
748 4581 783 4650 id
799 4582 893 4675 quod
906 4588 991 4651 Deus
1005 4604 1068 4674 per
1081 4583 1273 4674 prophetas
1284 4585 1447 4675 promisit
1462 4585 1505 4653 de
1520 4585 1571 4652 ef-

244 4689 376 4760 fusione
397 4688 557 4782 Spiritus,
585 4687 629 4757 de
655 4709 766 4778 regno
790 4687 958 4758 messione
980 4688 1179 4771 condendo;
1197 4691 1241 4759 ci.
1261 4694 1304 4760 ls.
1321 4695 1376 4775 66,
1393 4699 1412 4760 3
1429 4698 1493 4760 etc.
1511 4697 1565 4760 Ez.
