<?xml version="1.0" encoding="UTF-8"?>
<!DOCTYPE html PUBLIC "-//W3C//DTD XHTML 1.0 Transitional//EN"
    "http://www.w3.org/TR/xhtml1/DTD/xhtml1-transitional.dtd">
<html xmlns="http://www.w3.org/1999/xhtml" xml:lang="en" lang="en">
 <head>
  <title>
</title>
<meta http-equiv="Content-Type" content="text/html;charset=utf-8" />
  <meta name='ocr-system' content='tesseract 3.04.00' />
  <meta name='ocr-capabilities' content='ocr_page ocr_carea ocr_par ocr_line ocrx_word'/>
</head>
<body>
  <div class='ocr_page' id='page_1' title='image "./commentariusina00knabgoog/commentariusina00knabgoog_0117.png"; bbox 0 0 4154 5452; ppageno 0'>
   <div class='ocr_carea' id='block_1_1' title="bbox 227 306 988 382">
    <p class='ocr_par' dir='ltr' id='par_1_1' title="bbox 227 306 988 382">
     <span class='ocr_line' id='line_1_1' title="bbox 227 306 988 382; baseline 0 -17"><span class='ocrx_word' id='word_1_1' title='bbox 227 306 269 365; x_wconf 81' lang='lat' dir='ltr'>tt</span> <span class='ocrx_word' id='word_1_2' title='bbox 800 308 988 382; x_wconf 55' lang='lat' dir='ltr'>lusti-3.</span> 
     </span>
    </p>
   </div>
   <div class='ocr_carea' id='block_1_2' title="bbox 221 452 1557 968">
    <p class='ocr_par' dir='ltr' id='par_1_2' title="bbox 221 452 1557 968">
     <span class='ocr_line' id='line_1_2' title="bbox 226 452 1557 524; baseline -0.003 -12"><span class='ocrx_word' id='word_1_3' title='bbox 226 459 402 524; x_wconf 76' lang='lat' dir='ltr'>sepelierunt</span> <span class='ocrx_word' id='word_1_4' title='bbox 424 461 516 512; x_wconf 77' lang='lat' dir='ltr'>virum</span> <span class='ocrx_word' id='word_1_5' title='bbox 537 464 617 516; x_wconf 86' lang='lat' dir='ltr'>tuum</span> <span class='ocrx_word' id='word_1_6' title='bbox 640 462 676 514; x_wconf 85' lang='lat' dir='ltr'>ad</span> <span class='ocrx_word' id='word_1_7' title='bbox 697 464 814 523; x_wconf 71' lang='lat' dir='ltr'>esuum,</span> <span class='ocrx_word' id='word_1_8' title='bbox 839 466 868 513; x_wconf 85' lang='lat' dir='ltr'>et</span> <span class='ocrx_word' id='word_1_9' title='bbox 912 455 985 517; x_wconf 75' lang='grc' dir='ltr'>πόδες</span> <span class='ocrx_word' id='word_1_10' title='bbox 1020 459 1070 508; x_wconf 82' lang='grc' dir='ltr'>τῶν</span> <span class='ocrx_word' id='word_1_11' title='bbox 1102 452 1232 522; x_wconf 69' lang='grc' dir='ltr'>θαψάντων</span> <span class='ocrx_word' id='word_1_12' title='bbox 1257 452 1300 508; x_wconf 74' lang='grc' dir='ltr'>τὸν</span> <span class='ocrx_word' id='word_1_13' title='bbox 1330 453 1409 524; x_wconf 69' lang='grc' dir='ltr'>ἄνδρα</span> <span class='ocrx_word' id='word_1_14' title='bbox 1441 471 1486 506; x_wconf 84' lang='grc' dir='ltr'>σου</span> <span class='ocrx_word' id='word_1_15' title='bbox 1516 453 1557 508; x_wconf 72' lang='grc' dir='ltr'>ἐπὶ</span> 
     </span>
     <span class='ocr_line' id='line_1_3' title="bbox 225 538 1555 614; baseline -0.002 -16"><span class='ocrx_word' id='word_1_16' title='bbox 225 547 346 602; x_wconf 81' lang='lat' dir='ltr'>atterent</span> <span class='ocrx_word' id='word_1_17' title='bbox 364 552 405 601; x_wconf 87' lang='lat' dir='ltr'>te.</span> <span class='ocrx_word' id='word_1_18' title='bbox 427 550 470 602; x_wconf 89' lang='grc'>10.</span> <span class='ocrx_word' id='word_1_19' title='bbox 493 549 650 603; x_wconf 84' lang='lat' dir='ltr'>Contestlm</span> <span class='ocrx_word' id='word_1_20' title='bbox 677 551 777 602; x_wconf 83' lang='lat' dir='ltr'>cecidit</span> <span class='ocrx_word' id='word_1_21' title='bbox 801 554 868 601; x_wconf 86' lang='lat' dir='ltr'>ante</span> <span class='ocrx_word' id='word_1_22' title='bbox 911 546 945 614; x_wconf 74' lang='grc' dir='ltr'>τῇ</span> <span class='ocrx_word' id='word_1_23' title='bbox 981 541 1056 611; x_wconf 74' lang='grc' dir='ltr'>θύρᾳ,</span> <span class='ocrx_word' id='word_1_24' title='bbox 1089 538 1131 593; x_wconf 79' lang='grc' dir='ltr'>καί</span> <span class='ocrx_word' id='word_1_25' title='bbox 1162 538 1297 602; x_wconf 75' lang='grc' dir='ltr'>ἐξοίσουσίν</span> <span class='ocrx_word' id='word_1_26' title='bbox 1319 561 1365 601; x_wconf 73' lang='lat' dir='ltr'>ct.</span> <span class='ocrx_word' id='word_1_27' title='bbox 1398 544 1440 596; x_wconf 82' lang='grc'>10.</span> <span class='ocrx_word' id='word_1_28' title='bbox 1468 540 1555 595; x_wconf 71' lang='grc' dir='ltr'>ἔπεσεν</span> 
     </span>
     <span class='ocr_line' id='line_1_4' title="bbox 223 625 1556 703; baseline -0.004 -16"><span class='ocrx_word' id='word_1_29' title='bbox 223 636 312 702; x_wconf 88' lang='lat' dir='ltr'>pedes</span> <span class='ocrx_word' id='word_1_30' title='bbox 329 640 407 702; x_wconf 86' lang='lat' dir='ltr'>eius,</span> <span class='ocrx_word' id='word_1_31' title='bbox 423 644 452 690; x_wconf 88' lang='lat' dir='ltr'>et</span> <span class='ocrx_word' id='word_1_32' title='bbox 471 641 634 703; x_wconf 81' lang='lat' dir='ltr'>exspiravit.</span> <span class='ocrx_word' id='word_1_33' title='bbox 657 639 796 696; x_wconf 81' lang='lat' dir='ltr'>latrantes</span> <span class='ocrx_word' id='word_1_34' title='bbox 815 648 866 685; x_wconf 85' lang='lat' dir='ltr'>au·</span> <span class='ocrx_word' id='word_1_35' title='bbox 912 629 938 683; x_wconf 80' lang='grc' dir='ltr'>δὲ</span> <span class='ocrx_word' id='word_1_36' title='bbox 960 630 1113 700; x_wconf 76' lang='grc' dir='ltr'>παραχρῆμα</span> <span class='ocrx_word' id='word_1_37' title='bbox 1134 625 1203 698; x_wconf 73' lang='grc' dir='ltr'>παρὰ</span> <span class='ocrx_word' id='word_1_38' title='bbox 1220 629 1278 691; x_wconf 62' lang='grc' dir='ltr'>τοὺς</span> <span class='ocrx_word' id='word_1_39' title='bbox 1305 630 1383 693; x_wconf 67' lang='grc' dir='ltr'>πόδας</span> <span class='ocrx_word' id='word_1_40' title='bbox 1401 628 1492 698; x_wconf 74' lang='grc' dir='ltr'>αὐτοῦ,</span> <span class='ocrx_word' id='word_1_41' title='bbox 1513 629 1556 682; x_wconf 82' lang='grc' dir='ltr'>καὶ</span> 
     </span>
     <span class='ocr_line' id='line_1_5' title="bbox 222 713 1554 789; baseline -0.005 -12"><span class='ocrx_word' id='word_1_42' title='bbox 222 730 281 777; x_wconf 85' lang='lat' dir='ltr'>tem</span> <span class='ocrx_word' id='word_1_43' title='bbox 300 729 418 778; x_wconf 86' lang='lat' dir='ltr'>iuvenes</span> <span class='ocrx_word' id='word_1_44' title='bbox 434 729 602 778; x_wconf 80' lang='lat' dir='ltr'>invenerunt</span> <span class='ocrx_word' id='word_1_45' title='bbox 616 728 694 775; x_wconf 85' lang='lat' dir='ltr'>illam</span> <span class='ocrx_word' id='word_1_46' title='bbox 712 728 864 783; x_wconf 64' lang='lat' dir='ltr'>mortuam</span> <span class='ocrx_word' id='word_1_47' title='bbox 912 715 1028 788; x_wconf 65' lang='grc' dir='ltr'>ἐξέψυξεν·</span> <span class='ocrx_word' id='word_1_48' title='bbox 1054 713 1204 778; x_wconf 73' lang='grc' dir='ltr'>εἰσελθόντες</span> <span class='ocrx_word' id='word_1_49' title='bbox 1229 714 1256 768; x_wconf 76' lang='lat' dir='ltr'>ct</span> <span class='ocrx_word' id='word_1_50' title='bbox 1284 717 1309 770; x_wconf 87' lang='lat' dir='ltr'>ot</span> <span class='ocrx_word' id='word_1_51' title='bbox 1334 720 1459 773; x_wconf 75' lang='grc' dir='ltr'>νεανίσκοι</span> <span class='ocrx_word' id='word_1_52' title='bbox 1483 713 1554 789; x_wconf 76' lang='grc' dir='ltr'>εὖρον</span> 
     </span>
     <span class='ocr_line' id='line_1_6' title="bbox 221 802 1554 879; baseline -0.006 -12"><span class='ocrx_word' id='word_1_53' title='bbox 221 817 251 867; x_wconf 88' lang='lat' dir='ltr'>et</span> <span class='ocrx_word' id='word_1_54' title='bbox 277 815 454 875; x_wconf 75' lang='lat' dir='ltr'>astruerunt,</span> <span class='ocrx_word' id='word_1_55' title='bbox 477 820 505 865; x_wconf 86' lang='lat' dir='ltr'>ct</span> <span class='ocrx_word' id='word_1_56' title='bbox 527 815 701 877; x_wconf 87' lang='lat' dir='ltr'>sepelierunt</span> <span class='ocrx_word' id='word_1_57' title='bbox 721 809 867 860; x_wconf 84' lang='lat' dir='ltr'>advirum</span> <span class='ocrx_word' id='word_1_58' title='bbox 911 802 987 870; x_wconf 72' lang='grc' dir='ltr'>αὖεὴν</span> <span class='ocrx_word' id='word_1_59' title='bbox 1025 803 1126 876; x_wconf 75' lang='grc' dir='ltr'>νεκρὰν,</span> <span class='ocrx_word' id='word_1_60' title='bbox 1168 802 1211 857; x_wconf 75' lang='grc' dir='ltr'>καὶ</span> <span class='ocrx_word' id='word_1_61' title='bbox 1238 802 1415 879; x_wconf 34' lang='grc' dir='ltr'>,ίξενίγναντες</span> <span class='ocrx_word' id='word_1_62' title='bbox 1462 807 1554 878; x_wconf 68' lang='grc' dir='ltr'>ἔθαψαν</span> 
     </span>
     <span class='ocr_line' id='line_1_7' title="bbox 221 890 1553 968; baseline -0.004 -13"><span class='ocrx_word' id='word_1_63' title='bbox 221 917 315 955; x_wconf 88' lang='lat' dir='ltr'>suurn.</span> <span class='ocrx_word' id='word_1_64' title='bbox 335 904 377 954; x_wconf 92' lang='grc'>11.</span> <span class='ocrx_word' id='word_1_65' title='bbox 396 902 431 954; x_wconf 85' lang='lat' dir='ltr'>Et</span> <span class='ocrx_word' id='word_1_66' title='bbox 445 901 592 953; x_wconf 84' lang='lat' dir='ltr'>lactuaest</span> <span class='ocrx_word' id='word_1_67' title='bbox 606 900 689 949; x_wconf 81' lang='lat' dir='ltr'>timor</span> <span class='ocrx_word' id='word_1_68' title='bbox 702 910 823 961; x_wconf 79' lang='lat' dir='ltr'>magnus</span> <span class='ocrx_word' id='word_1_69' title='bbox 836 898 866 947; x_wconf 88' lang='lat' dir='ltr'>tn</span> <span class='ocrx_word' id='word_1_70' title='bbox 911 894 970 963; x_wconf 74' lang='grc' dir='ltr'>πρὸς</span> <span class='ocrx_word' id='word_1_71' title='bbox 998 892 1041 947; x_wconf 70' lang='grc' dir='ltr'>τὸν</span> <span class='ocrx_word' id='word_1_72' title='bbox 1075 893 1153 964; x_wconf 72' lang='grc' dir='ltr'>ἄνδρα</span> <span class='ocrx_word' id='word_1_73' title='bbox 1184 890 1268 959; x_wconf 75' lang='grc' dir='ltr'><strong>αὐτῆς.</strong></span> <span class='ocrx_word' id='word_1_74' title='bbox 1306 897 1349 947; x_wconf 92' lang='grc'>11.</span> <span class='ocrx_word' id='word_1_75' title='bbox 1381 897 1424 949; x_wconf 76' lang='grc' dir='ltr'>καὶ</span> <span class='ocrx_word' id='word_1_76' title='bbox 1454 896 1553 968; x_wconf 73' lang='grc' dir='ltr'>ἐγένετο</span> 
     </span>
    </p>
   </div>
   <div class='ocr_carea' id='block_1_3' title="bbox 198 977 1555 1133">
    <p class='ocr_par' dir='ltr' id='par_1_3' title="bbox 198 977 1555 1133">
     <span class='ocr_line' id='line_1_8' title="bbox 220 977 1555 1053; baseline -0.004 -9"><span class='ocrx_word' id='word_1_77' title='bbox 220 993 357 1044; x_wconf 78' lang='lat' dir='ltr'>universa</span> <span class='ocrx_word' id='word_1_78' title='bbox 369 991 499 1049; x_wconf 82' lang='lat' dir='ltr'>ecclesia,</span> <span class='ocrx_word' id='word_1_79' title='bbox 514 993 542 1040; x_wconf 85' lang='lat' dir='ltr'>et</span> <span class='ocrx_word' id='word_1_80' title='bbox 555 989 584 1037; x_wconf 89' lang='lat' dir='ltr'>ln</span> <span class='ocrx_word' id='word_1_81' title='bbox 598 998 697 1038; x_wconf 86' lang='lat' dir='ltr'>omnes</span> <span class='ocrx_word' id='word_1_82' title='bbox 711 987 760 1051; x_wconf 86' lang='lat' dir='ltr'>qul</span> <span class='ocrx_word' id='word_1_83' title='bbox 773 985 866 1037; x_wconf 80' lang='lat' dir='ltr'>audie·</span> <span class='ocrx_word' id='word_1_84' title='bbox 910 982 985 1053; x_wconf 75' lang='grc' dir='ltr'>φόᾶος</span> <span class='ocrx_word' id='word_1_85' title='bbox 1011 984 1087 1053; x_wconf 78' lang='grc' dir='ltr'>μίγας</span> <span class='ocrx_word' id='word_1_86' title='bbox 1113 979 1154 1053; x_wconf 69' lang='grc' dir='ltr'>ἐφ’</span> <span class='ocrx_word' id='word_1_87' title='bbox 1183 980 1248 1048; x_wconf 79' lang='grc' dir='ltr'>ὅλην</span> <span class='ocrx_word' id='word_1_88' title='bbox 1273 977 1320 1048; x_wconf 70' lang='grc' dir='ltr'>τὴν</span> <span class='ocrx_word' id='word_1_89' title='bbox 1345 981 1493 1053; x_wconf 67' lang='grc' dir='ltr'>ἐκκλησίαν,</span> <span class='ocrx_word' id='word_1_90' title='bbox 1512 985 1555 1038; x_wconf 70' lang='lat' dir='ltr'>ml</span> 
     </span>
     <span class='ocr_line' id='line_1_9' title="bbox 198 1068 1394 1133; baseline -0.004 -1"><span class='ocrx_word' id='word_1_91' title='bbox 198 1101 212 1122; x_wconf 65' lang='grc' dir='ltr'>ν</span> <span class='ocrx_word' id='word_1_92' title='bbox 222 1083 290 1132; x_wconf 83' lang='lat' dir='ltr'>runt</span> <span class='ocrx_word' id='word_1_93' title='bbox 303 1081 383 1130; x_wconf 80' lang='lat' dir='ltr'>haec.</span> <span class='ocrx_word' id='word_1_94' title='bbox 911 1068 952 1123; x_wconf 73' lang='lat' dir='ltr'>ta</span> <span class='ocrx_word' id='word_1_95' title='bbox 968 1071 1057 1132; x_wconf 78' lang='grc' dir='ltr'>πάντας</span> <span class='ocrx_word' id='word_1_96' title='bbox 1074 1069 1131 1133; x_wconf 65' lang='grc' dir='ltr'>τοὺς</span> <span class='ocrx_word' id='word_1_97' title='bbox 1149 1069 1286 1132; x_wconf 76' lang='grc' dir='ltr'>ἀκούοντας</span> <span class='ocrx_word' id='word_1_98' title='bbox 1303 1074 1394 1127; x_wconf 78' lang='grc' dir='ltr'><strong>ταῦτα.</strong></span> 
     </span>
    </p>
   </div>
   <div class='ocr_carea' id='block_1_4' title="bbox 221 1245 1674 1497">
    <p class='ocr_par' dir='ltr' id='par_1_4' title="bbox 221 1217 1674 1497">
     <span class='ocr_line' id='line_1_10' title="bbox 260 1245 1553 1320; baseline -0.001 -17"><span class='ocrx_word' id='word_1_99' title='bbox 260 1254 294 1304; x_wconf 92' lang='lat' dir='ltr'>ln</span> <span class='ocrx_word' id='word_1_100' title='bbox 307 1266 335 1303; x_wconf 79' lang='grc' dir='ltr'>ν.</span> <span class='ocrx_word' id='word_1_101' title='bbox 355 1251 366 1303; x_wconf 89' lang='grc'><strong>1</strong></span> <span class='ocrx_word' id='word_1_102' title='bbox 382 1250 406 1302; x_wconf 89' lang='lat' dir='ltr'><strong>E</strong></span> <span class='ocrx_word' id='word_1_103' title='bbox 417 1267 443 1301; x_wconf 92' lang='grc' dir='ltr'>εν</span> <span class='ocrx_word' id='word_1_104' title='bbox 457 1266 523 1300; x_wconf 79' lang='lat' dir='ltr'>curu</span> <span class='ocrx_word' id='word_1_105' title='bbox 536 1248 564 1302; x_wconf 79' lang='grc' dir='ltr'>δε</span> <span class='ocrx_word' id='word_1_106' title='bbox 578 1267 615 1301; x_wconf 82' lang='grc' dir='ltr'>τω</span> <span class='ocrx_word' id='word_1_107' title='bbox 625 1267 703 1320; x_wconf 75' lang='grc' dir='ltr'>καιρω</span> <span class='ocrx_word' id='word_1_108' title='bbox 718 1267 780 1320; x_wconf 85' lang='grc' dir='ltr'>ανηρ</span> <span class='ocrx_word' id='word_1_109' title='bbox 795 1264 845 1313; x_wconf 66' lang='grc' dir='ltr'>τις,</span> <span class='ocrx_word' id='word_1_110' title='bbox 861 1245 911 1303; x_wconf 81' lang='lat' dir='ltr'>DE</span> <span class='ocrx_word' id='word_1_111' title='bbox 927 1264 1042 1318; x_wconf 76' lang='grc' dir='ltr'>σεφφερα.</span> <span class='ocrx_word' id='word_1_112' title='bbox 1058 1249 1092 1300; x_wconf 89' lang='lat' dir='ltr'>In</span> <span class='ocrx_word' id='word_1_113' title='bbox 1103 1262 1131 1301; x_wconf 82' lang='lat' dir='ltr'>v.</span> <span class='ocrx_word' id='word_1_114' title='bbox 1147 1249 1225 1315; x_wconf 69' lang='lat' dir='ltr'>iglg</span> <span class='ocrx_word' id='word_1_115' title='bbox 1238 1252 1388 1314; x_wconf 71' lang='lat' dir='ltr'>subtraxit,</span> <span class='ocrx_word' id='word_1_116' title='bbox 1405 1252 1434 1303; x_wconf 82' lang='lat' dir='ltr'>et</span> <span class='ocrx_word' id='word_1_117' title='bbox 1448 1253 1479 1302; x_wconf 89' lang='lat' dir='ltr'>ln</span> <span class='ocrx_word' id='word_1_118' title='bbox 1492 1265 1521 1302; x_wconf 83' lang='grc' dir='ltr'>ν.</span> <span class='ocrx_word' id='word_1_119' title='bbox 1537 1252 1553 1302; x_wconf 83' lang='grc'>3</span> 
     </span>
     <span class='ocr_line' id='line_1_11' title="bbox 223 1338 1674 1409; baseline -0.002 -15"><span class='ocrx_word' id='word_1_120' title='bbox 223 1343 344 1406; x_wconf 86' lang='lat' dir='ltr'>replevit</span> <span class='ocrx_word' id='word_1_121' title='bbox 349 1354 357 1403; x_wconf 88' lang='lat'>;</span> <span class='ocrx_word' id='word_1_122' title='bbox 374 1355 501 1408; x_wconf 79' lang='grc' dir='ltr'>επειραεεν</span> <span class='ocrx_word' id='word_1_123' title='bbox 520 1341 575 1392; x_wconf 87' lang='lat' dir='ltr'>Did</span> <span class='ocrx_word' id='word_1_124' title='bbox 594 1341 685 1405; x_wconf 82' lang='lat' dir='ltr'>Eplplr</span> <span class='ocrx_word' id='word_1_125' title='bbox 709 1342 764 1392; x_wconf 77' lang='lat' dir='ltr'>Atu</span> <span class='ocrx_word' id='word_1_126' title='bbox 786 1340 865 1404; x_wconf 81' lang='lat' dir='ltr'>Fulg.</span> <span class='ocrx_word' id='word_1_127' title='bbox 885 1340 918 1391; x_wconf 92' lang='lat' dir='ltr'>ln</span> <span class='ocrx_word' id='word_1_128' title='bbox 930 1353 959 1390; x_wconf 84' lang='grc' dir='ltr'>ν.</span> <span class='ocrx_word' id='word_1_129' title='bbox 975 1338 991 1390; x_wconf 82' lang='grc' dir='ltr'>ί</span> <span class='ocrx_word' id='word_1_130' title='bbox 1005 1340 1029 1391; x_wconf 89' lang='lat' dir='ltr'>D</span> <span class='ocrx_word' id='word_1_131' title='bbox 1049 1353 1079 1389; x_wconf 81' lang='lat' dir='ltr'>rc</span> <span class='ocrx_word' id='word_1_132' title='bbox 1092 1353 1200 1406; x_wconf 77' lang='grc' dir='ltr'>πονηρον</span> <span class='ocrx_word' id='word_1_133' title='bbox 1219 1354 1308 1403; x_wconf 61' lang='lat' dir='ltr'>rcum</span> <span class='ocrx_word' id='word_1_134' title='bbox 1329 1353 1358 1392; x_wconf 86' lang='grc' dir='ltr'>ν.</span> <span class='ocrx_word' id='word_1_135' title='bbox 1373 1342 1387 1391; x_wconf 88' lang='grc'>5</span> <span class='ocrx_word' id='word_1_136' title='bbox 1401 1354 1554 1409; x_wconf 76' lang='grc' dir='ltr'>περαχρημα</span> <span class='ocrx_word' id='word_1_137' title='bbox 1624 1386 1627 1393; x_wconf 87' lang='grc'>,</span> <span class='ocrx_word' id='word_1_138' title='bbox 1670 1394 1674 1401; x_wconf 61' lang='grc'>,</span> 
     </span>
     <span class='ocr_line' id='line_1_12' title="bbox 221 1424 1326 1497; baseline -0.002 -14"><span class='ocrx_word' id='word_1_139' title='bbox 221 1445 305 1483; x_wconf 83' lang='grc' dir='ltr'>πεσων</span> <span class='ocrx_word' id='word_1_140' title='bbox 311 1444 320 1494; x_wconf 87' lang='grc'><strong>;</strong></span> <span class='ocrx_word' id='word_1_141' title='bbox 336 1444 364 1481; x_wconf 87' lang='grc' dir='ltr'>ν.</span> <span class='ocrx_word' id='word_1_142' title='bbox 381 1430 397 1481; x_wconf 88' lang='grc'>8</span> <span class='ocrx_word' id='word_1_143' title='bbox 412 1445 561 1497; x_wconf 79' lang='grc' dir='ltr'>επερωτησω</span> <span class='ocrx_word' id='word_1_144' title='bbox 576 1445 603 1479; x_wconf 84' lang='grc' dir='ltr'>σε</span> <span class='ocrx_word' id='word_1_145' title='bbox 615 1445 637 1478; x_wconf 85' lang='grc' dir='ltr'>ει</span> <span class='ocrx_word' id='word_1_146' title='bbox 649 1444 697 1497; x_wconf 78' lang='grc' dir='ltr'>αρε</span> <span class='ocrx_word' id='word_1_147' title='bbox 708 1444 738 1479; x_wconf 87' lang='grc' dir='ltr'>ν.</span> <span class='ocrx_word' id='word_1_148' title='bbox 755 1429 786 1481; x_wconf 87' lang='grc'>10</span> <span class='ocrx_word' id='word_1_149' title='bbox 800 1444 842 1478; x_wconf 75' lang='grc' dir='ltr'>και</span> <span class='ocrx_word' id='word_1_150' title='bbox 855 1424 1041 1486; x_wconf 80' lang='grc' dir='ltr'>συνστειλαντες</span> <span class='ocrx_word' id='word_1_151' title='bbox 1053 1424 1186 1495; x_wconf 74' lang='grc' dir='ltr'>εξηνεγκαν</span> <span class='ocrx_word' id='word_1_152' title='bbox 1199 1442 1242 1478; x_wconf 78' lang='grc' dir='ltr'>και</span> <span class='ocrx_word' id='word_1_153' title='bbox 1253 1425 1326 1495; x_wconf 64' lang='lat' dir='ltr'>stol.</span> 
     </span>
    </p>
   </div>
   <div class='ocr_carea' id='block_1_5' title="bbox 221 1570 1622 1914">
    <p class='ocr_par' dir='ltr' id='par_1_5' title="bbox 221 1570 1622 1914">
     <span class='ocr_line' id='line_1_13' title="bbox 266 1570 1552 1702; baseline -0.002 -22"><span class='ocrx_word' id='word_1_154' title='bbox 266 1618 360 1680; x_wconf 90' lang='lat' dir='ltr'>lnter</span> <span class='ocrx_word' id='word_1_155' title='bbox 374 1611 549 1702; x_wconf 88' lang='lat' dir='ltr'>apostolos</span> <span class='ocrx_word' id='word_1_156' title='bbox 560 1633 649 1677; x_wconf 89' lang='lat' dir='ltr'>unus</span> <span class='ocrx_word' id='word_1_157' title='bbox 660 1570 772 1678; x_wconf 83' lang='lat' dir='ltr'>tuerat</span> <span class='ocrx_word' id='word_1_158' title='bbox 782 1609 949 1699; x_wconf 65' lang='lat' dir='ltr'>proditam</span> <span class='ocrx_word' id='word_1_159' title='bbox 963 1609 1037 1676; x_wconf 83' lang='lat' dir='ltr'>fore</span> <span class='ocrx_word' id='word_1_160' title='bbox 1048 1615 1086 1677; x_wconf 90' lang='lat' dir='ltr'>ut</span> <span class='ocrx_word' id='word_1_161' title='bbox 1099 1609 1229 1677; x_wconf 84' lang='lat' dir='ltr'>zizania</span> <span class='ocrx_word' id='word_1_162' title='bbox 1244 1579 1501 1678; x_wconf 67' lang='lat' dir='ltr'>seminarentur</span> <span class='ocrx_word' id='word_1_163' title='bbox 1514 1611 1552 1679; x_wconf 93' lang='lat' dir='ltr'>in</span> 
     </span>
     <span class='ocr_line' id='line_1_14' title="bbox 221 1713 1553 1806; baseline -0.002 -20"><span class='ocrx_word' id='word_1_164' title='bbox 221 1717 339 1785; x_wconf 88' lang='lat' dir='ltr'>medio</span> <span class='ocrx_word' id='word_1_165' title='bbox 358 1715 464 1783; x_wconf 89' lang='lat' dir='ltr'>tritici</span> <span class='ocrx_word' id='word_1_166' title='bbox 483 1715 653 1806; x_wconf 77' lang='lat' dir='ltr'><strong>praedixit</strong></span> <span class='ocrx_word' id='word_1_167' title='bbox 675 1714 826 1784; x_wconf 82' lang='lat' dir='ltr'>Christus</span> <span class='ocrx_word' id='word_1_168' title='bbox 837 1714 966 1805; x_wconf 87' lang='lat' dir='ltr'>(llatth.</span> <span class='ocrx_word' id='word_1_169' title='bbox 985 1713 1112 1806; x_wconf 59' lang='grc'><strong>1335).</strong></span> <span class='ocrx_word' id='word_1_170' title='bbox 1130 1719 1242 1792; x_wconf 82' lang='lat' dir='ltr'>Quare</span> <span class='ocrx_word' id='word_1_171' title='bbox 1259 1737 1333 1783; x_wconf 90' lang='lat' dir='ltr'>non</span> <span class='ocrx_word' id='word_1_172' title='bbox 1358 1716 1486 1784; x_wconf 88' lang='lat' dir='ltr'>mirum</span> <span class='ocrx_word' id='word_1_173' title='bbox 1503 1722 1553 1784; x_wconf 86' lang='lat' dir='ltr'>est</span> 
     </span>
     <span class='ocr_line' id='line_1_15' title="bbox 221 1820 1622 1914; baseline -0.001 -24"><span class='ocrx_word' id='word_1_174' title='bbox 221 1822 434 1914; x_wconf 83' lang='lat' dir='ltr'>quodetiam</span> <span class='ocrx_word' id='word_1_175' title='bbox 444 1822 536 1889; x_wconf 89' lang='lat' dir='ltr'>inter</span> <span class='ocrx_word' id='word_1_176' title='bbox 544 1823 675 1912; x_wconf 89' lang='lat' dir='ltr'>primos</span> <span class='ocrx_word' id='word_1_177' title='bbox 683 1821 803 1889; x_wconf 85' lang='lat' dir='ltr'>fideles</span> <span class='ocrx_word' id='word_1_178' title='bbox 817 1821 1013 1890; x_wconf 84' lang='lat' dir='ltr'>moxscelus</span> <span class='ocrx_word' id='word_1_179' title='bbox 1027 1820 1324 1912; x_wconf 90' lang='lat' dir='ltr'>deprehendatur;</span> <span class='ocrx_word' id='word_1_180' title='bbox 1336 1844 1368 1890; x_wconf 90' lang='lat' dir='ltr'>v.</span> <span class='ocrx_word' id='word_1_181' title='bbox 1386 1821 1472 1889; x_wconf 81' lang='lat' dir='ltr'>loir</span> <span class='ocrx_word' id='word_1_182' title='bbox 1486 1845 1552 1889; x_wconf 77' lang='lat' dir='ltr'>aa·</span> <span class='ocrx_word' id='word_1_183' title='bbox 1620 1898 1622 1901; x_wconf 14' lang='lat'>⁸</span> 
     </span>
    </p>
   </div>
   <div class='ocr_carea' id='block_1_6' title="bbox 44 1900 1550 2020">
    <p class='ocr_par' dir='ltr' id='par_1_6' title="bbox 44 1900 1550 2020">
     <span class='ocr_line' id='line_1_16' title="bbox 44 1900 1550 2020; baseline -0.002 -22"><span class='ocrx_word' id='word_1_184' title='bbox 44 1908 48 1915; x_wconf 36' lang='lat'><strong>⁹</strong></span> <span class='ocrx_word' id='word_1_185' title='bbox 78 1900 81 1907; x_wconf 65' lang='lat'>‚</span> <span class='ocrx_word' id='word_1_186' title='bbox 123 1924 128 1929; x_wconf 72' lang='grc'><strong>’</strong></span> <span class='ocrx_word' id='word_1_187' title='bbox 221 1942 290 1997; x_wconf 86' lang='lat' dir='ltr'>tem</span> <span class='ocrx_word' id='word_1_188' title='bbox 304 1927 468 2020; x_wconf 81' lang='lat' dir='ltr'>quidam,</span> <span class='ocrx_word' id='word_1_189' title='bbox 483 1928 660 1997; x_wconf 79' lang='lat' dir='ltr'>Barnabae</span> <span class='ocrx_word' id='word_1_190' title='bbox 676 1927 876 1996; x_wconf 80' lang='lat' dir='ltr'>liberalitati</span> <span class='ocrx_word' id='word_1_191' title='bbox 888 1928 1061 2016; x_wconf 83' lang='lat' dir='ltr'>ingenuae</span> <span class='ocrx_word' id='word_1_192' title='bbox 1070 1926 1257 2019; x_wconf 84' lang='lat' dir='ltr'>opponitur</span> <span class='ocrx_word' id='word_1_193' title='bbox 1266 1927 1326 2018; x_wconf 80' lang='grc' dir='ltr'>(δέ)</span> <span class='ocrx_word' id='word_1_194' title='bbox 1337 1921 1550 1996; x_wconf 68' lang='grc' dir='ltr'>ίιιονίνλιιν-</span> 
     </span>
    </p>
   </div>
   <div class='ocr_carea' id='block_1_7' title="bbox 136 2033 1614 4780">
    <p class='ocr_par' dir='ltr' id='par_1_7' title="bbox 136 2033 1614 4780">
     <span class='ocr_line' id='line_1_17' title="bbox 219 2033 1550 2130; baseline -0.002 -26"><span class='ocrx_word' id='word_1_195' title='bbox 219 2036 300 2104; x_wconf 86' lang='lat' dir='ltr'>niae</span> <span class='ocrx_word' id='word_1_196' title='bbox 314 2037 457 2125; x_wconf 86' lang='lat' dir='ltr'>eiusque</span> <span class='ocrx_word' id='word_1_197' title='bbox 475 2035 592 2103; x_wconf 81' lang='lat' dir='ltr'>uxoris</span> <span class='ocrx_word' id='word_1_198' title='bbox 607 2034 742 2125; x_wconf 75' lang='lat' dir='ltr'>(Boot),</span> <span class='ocrx_word' id='word_1_199' title='bbox 758 2033 895 2101; x_wconf 82' lang='lat' dir='ltr'>nomine</span> <span class='ocrx_word' id='word_1_200' title='bbox 904 2035 1074 2120; x_wconf 80' lang='lat' dir='ltr'>Ananias,</span> <span class='ocrx_word' id='word_1_201' title='bbox 1095 2048 1185 2130; x_wconf 59' lang='lat' dir='ltr'>agisti</span> <span class='ocrx_word' id='word_1_202' title='bbox 1199 2055 1328 2102; x_wconf 89' lang='lat' dir='ltr'>nomen</span> <span class='ocrx_word' id='word_1_203' title='bbox 1342 2035 1423 2102; x_wconf 86' lang='lat' dir='ltr'>satis</span> <span class='ocrx_word' id='word_1_204' title='bbox 1441 2035 1550 2102; x_wconf 87' lang='lat' dir='ltr'>usita-</span> 
     </span>
     <span class='ocr_line' id='line_1_18' title="bbox 221 2126 1550 2225; baseline -0.001 -16"><span class='ocrx_word' id='word_1_205' title='bbox 221 2147 296 2209; x_wconf 89' lang='lat' dir='ltr'>tum</span> <span class='ocrx_word' id='word_1_206' title='bbox 311 2143 355 2211; x_wconf 86' lang='lat' dir='ltr'>ci.</span> <span class='ocrx_word' id='word_1_207' title='bbox 373 2147 438 2211; x_wconf 87' lang='lat' dir='ltr'>ler.</span> <span class='ocrx_word' id='word_1_208' title='bbox 460 2147 558 2224; x_wconf 74' lang='lat'>28,1;</span> <span class='ocrx_word' id='word_1_209' title='bbox 577 2143 692 2224; x_wconf 54' lang='lat' dir='ltr'>3213ss</span> <span class='ocrx_word' id='word_1_210' title='bbox 711 2145 877 2224; x_wconf 82' lang='lat' dir='ltr'>Dan.1,6.</span> <span class='ocrx_word' id='word_1_211' title='bbox 898 2144 1000 2208; x_wconf 88' lang='lat' dir='ltr'>1Par.</span> <span class='ocrx_word' id='word_1_212' title='bbox 1016 2146 1095 2224; x_wconf 74' lang='lat' dir='ltr'>att</span> <span class='ocrx_word' id='word_1_213' title='bbox 1116 2126 1196 2225; x_wconf 50' lang='lat' dir='ltr'>etcss,</span> <span class='ocrx_word' id='word_1_214' title='bbox 1209 2139 1265 2208; x_wconf 88' lang='lat' dir='ltr'>vel</span> <span class='ocrx_word' id='word_1_215' title='bbox 1281 2141 1388 2208; x_wconf 90' lang='lat' dir='ltr'>etiam</span> <span class='ocrx_word' id='word_1_216' title='bbox 1406 2142 1550 2208; x_wconf 85' lang='lat' dir='ltr'>fortasse</span> 
     </span>
     <span class='ocr_line' id='line_1_19' title="bbox 220 2244 1547 2339; baseline 0.002 -28"><span class='ocrx_word' id='word_1_217' title='bbox 220 2264 310 2316; x_wconf 68' lang='lat' dir='ltr'>aut?</span> <span class='ocrx_word' id='word_1_218' title='bbox 324 2246 409 2315; x_wconf 88' lang='lat' dir='ltr'>Neh.</span> <span class='ocrx_word' id='word_1_219' title='bbox 428 2254 507 2330; x_wconf 58' lang='grc'>333</span> <span class='ocrx_word' id='word_1_220' title='bbox 522 2249 630 2327; x_wconf 86' lang='lat' dir='ltr'>LXX,</span> <span class='ocrx_word' id='word_1_221' title='bbox 649 2268 727 2313; x_wconf 82' lang='lat' dir='ltr'>cum</span> <span class='ocrx_word' id='word_1_222' title='bbox 741 2244 891 2339; x_wconf 74' lang='lat' dir='ltr'>Sophite</span> <span class='ocrx_word' id='word_1_223' title='bbox 904 2245 1009 2314; x_wconf 59' lang='lat' dir='ltr'>artati</span> <span class='ocrx_word' id='word_1_224' title='bbox 1023 2246 1189 2329; x_wconf 84' lang='lat' dir='ltr'>formosa,</span> <span class='ocrx_word' id='word_1_225' title='bbox 1205 2246 1353 2336; x_wconf 89' lang='lat' dir='ltr'>pulchra</span> <span class='ocrx_word' id='word_1_226' title='bbox 1369 2245 1547 2337; x_wconf 72' lang='lat' dir='ltr'>(Boeotors,</span> 
     </span>
     <span class='ocr_line' id='line_1_20' title="bbox 220 2350 1546 2444; baseline -0.002 -23"><span class='ocrx_word' id='word_1_227' title='bbox 220 2359 298 2422; x_wconf 82' lang='lat' dir='ltr'>Lex.</span> <span class='ocrx_word' id='word_1_228' title='bbox 314 2353 431 2422; x_wconf 75' lang='lat' dir='ltr'>chald,</span> <span class='ocrx_word' id='word_1_229' title='bbox 448 2377 482 2444; x_wconf 86' lang='lat' dir='ltr'>p.</span> <span class='ocrx_word' id='word_1_230' title='bbox 500 2357 615 2439; x_wconf 73' lang='lat'>2503),</span> <span class='ocrx_word' id='word_1_231' title='bbox 627 2375 732 2420; x_wconf 71' lang='lat' dir='ltr'>tenore</span> <span class='ocrx_word' id='word_1_232' title='bbox 746 2376 810 2421; x_wconf 81' lang='lat' dir='ltr'>suo</span> <span class='ocrx_word' id='word_1_233' title='bbox 823 2350 979 2421; x_wconf 62' lang='lat' dir='ltr'>coadidit</span> <span class='ocrx_word' id='word_1_234' title='bbox 992 2360 1117 2441; x_wconf 76' lang='lat' dir='ltr'>aprum</span> <span class='ocrx_word' id='word_1_235' title='bbox 1130 2353 1507 2443; x_wconf 61' lang='lat' dir='ltr'>trapa,possemionem</span> <span class='ocrx_word' id='word_1_236' title='bbox 1520 2354 1546 2420; x_wconf 90' lang='lat' dir='ltr'>i.</span> 
     </span>
     <span class='ocr_line' id='line_1_21' title="bbox 220 2456 1547 2549; baseline -0.002 -21"><span class='ocrx_word' id='word_1_237' title='bbox 220 2483 251 2530; x_wconf 87' lang='lat' dir='ltr'>e.</span> <span class='ocrx_word' id='word_1_238' title='bbox 274 2483 306 2527; x_wconf 90' lang='lat' dir='ltr'>v.</span> <span class='ocrx_word' id='word_1_239' title='bbox 326 2466 383 2528; x_wconf 88' lang='grc'>3.8</span> <span class='ocrx_word' id='word_1_240' title='bbox 407 2468 518 2549; x_wconf 72' lang='grc' dir='ltr'>χωρίον</span> <span class='ocrx_word' id='word_1_241' title='bbox 545 2480 686 2546; x_wconf 82' lang='lat' dir='ltr'>agrum,</span> <span class='ocrx_word' id='word_1_242' title='bbox 704 2459 850 2526; x_wconf 82' lang='lat' dir='ltr'>fundum</span> <span class='ocrx_word' id='word_1_243' title='bbox 874 2458 927 2526; x_wconf 90' lang='lat' dir='ltr'>vel</span> <span class='ocrx_word' id='word_1_244' title='bbox 955 2457 1136 2549; x_wconf 87' lang='lat' dir='ltr'>praedium</span> <span class='ocrx_word' id='word_1_245' title='bbox 1164 2456 1357 2548; x_wconf 81' lang='lat' dir='ltr'>(utibabet</span> <span class='ocrx_word' id='word_1_246' title='bbox 1376 2459 1440 2547; x_wconf 77' lang='lat' dir='ltr'>gig</span> <span class='ocrx_word' id='word_1_247' title='bbox 1462 2481 1496 2525; x_wconf 89' lang='grc' dir='ltr'>ν.</span> <span class='ocrx_word' id='word_1_248' title='bbox 1515 2457 1547 2547; x_wconf 87' lang='grc'>8)</span> 
     </span>
     <span class='ocr_line' id='line_1_22' title="bbox 221 2562 1545 2656; baseline 0.001 -25"><span class='ocrx_word' id='word_1_249' title='bbox 221 2589 255 2636; x_wconf 89' lang='grc' dir='ltr'>ν.</span> <span class='ocrx_word' id='word_1_250' title='bbox 270 2574 292 2633; x_wconf 75' lang='lat'><strong>2</strong></span> <span class='ocrx_word' id='word_1_251' title='bbox 307 2579 339 2633; x_wconf 88' lang='lat' dir='ltr'>et</span> <span class='ocrx_word' id='word_1_252' title='bbox 351 2563 536 2656; x_wconf 78' lang='lat' dir='ltr'>fraudavit</span> <span class='ocrx_word' id='word_1_253' title='bbox 546 2574 727 2654; x_wconf 65' lang='lat' dir='ltr'>inceptem,</span> <span class='ocrx_word' id='word_1_254' title='bbox 741 2565 808 2633; x_wconf 91' lang='lat' dir='ltr'>sihi</span> <span class='ocrx_word' id='word_1_255' title='bbox 822 2565 982 2656; x_wconf 86' lang='lat' dir='ltr'>seposuit,</span> <span class='ocrx_word' id='word_1_256' title='bbox 999 2565 1089 2633; x_wconf 88' lang='lat' dir='ltr'>clam</span> <span class='ocrx_word' id='word_1_257' title='bbox 1102 2563 1264 2632; x_wconf 83' lang='lat' dir='ltr'>subduxit</span> <span class='ocrx_word' id='word_1_258' title='bbox 1276 2562 1334 2654; x_wconf 86' lang='lat' dir='ltr'>(cl.</span> <span class='ocrx_word' id='word_1_259' title='bbox 1350 2564 1414 2632; x_wconf 87' lang='lat' dir='ltr'>Tit.</span> <span class='ocrx_word' id='word_1_260' title='bbox 1437 2564 1545 2655; x_wconf 67' lang='lat' dir='ltr'>ato),</span> 
     </span>
     <span class='ocr_line' id='line_1_23' title="bbox 219 2669 1548 2763; baseline -0.001 -24"><span class='ocrx_word' id='word_1_261' title='bbox 219 2669 392 2739; x_wconf 82' lang='lat' dir='ltr'>subtraxit</span> <span class='ocrx_word' id='word_1_262' title='bbox 407 2672 497 2763; x_wconf 79' lang='lat' dir='ltr'>(gig)</span> <span class='ocrx_word' id='word_1_263' title='bbox 522 2671 565 2738; x_wconf 85' lang='lat' dir='ltr'>de</span> <span class='ocrx_word' id='word_1_264' title='bbox 586 2670 698 2753; x_wconf 83' lang='lat' dir='ltr'>pretio</span> <span class='ocrx_word' id='word_1_265' title='bbox 722 2672 801 2762; x_wconf 67' lang='lat' dir='ltr'>apri</span> <span class='ocrx_word' id='word_1_266' title='bbox 818 2671 952 2739; x_wconf 79' lang='lat' dir='ltr'>conscia</span> <span class='ocrx_word' id='word_1_267' title='bbox 972 2694 1077 2739; x_wconf 76' lang='lat' dir='ltr'>uxore</span> <span class='ocrx_word' id='word_1_268' title='bbox 1100 2682 1209 2739; x_wconf 83' lang='lat' dir='ltr'>suaet</span> <span class='ocrx_word' id='word_1_269' title='bbox 1235 2671 1388 2763; x_wconf 75' lang='lat' dir='ltr'>afferens</span> <span class='ocrx_word' id='word_1_270' title='bbox 1410 2684 1548 2762; x_wconf 85' lang='lat' dir='ltr'>portem</span> 
     </span>
     <span class='ocr_line' id='line_1_24' title="bbox 220 2776 1548 2869; baseline -0.002 -24"><span class='ocrx_word' id='word_1_271' title='bbox 220 2777 400 2869; x_wconf 77' lang='lat' dir='ltr'>qztondom</span> <span class='ocrx_word' id='word_1_272' title='bbox 419 2778 468 2845; x_wconf 86' lang='lat' dir='ltr'>od</span> <span class='ocrx_word' id='word_1_273' title='bbox 482 2776 591 2868; x_wconf 81' lang='lat' dir='ltr'>pectes</span> <span class='ocrx_word' id='word_1_274' title='bbox 603 2776 837 2868; x_wconf 83' lang='lat' dir='ltr'>apostolorum</span> <span class='ocrx_word' id='word_1_275' title='bbox 857 2777 987 2868; x_wconf 80' lang='lat' dir='ltr'>posuit,</span> <span class='ocrx_word' id='word_1_276' title='bbox 1009 2777 1180 2868; x_wconf 82' lang='lat' dir='ltr'>protessus</span> <span class='ocrx_word' id='word_1_277' title='bbox 1193 2776 1268 2846; x_wconf 88' lang='lat' dir='ltr'>scil.</span> <span class='ocrx_word' id='word_1_278' title='bbox 1291 2777 1348 2845; x_wconf 91' lang='lat' dir='ltr'>vel</span> <span class='ocrx_word' id='word_1_279' title='bbox 1365 2776 1473 2845; x_wconf 83' lang='lat' dir='ltr'>verbo</span> <span class='ocrx_word' id='word_1_280' title='bbox 1493 2777 1548 2844; x_wconf 90' lang='lat' dir='ltr'>vel</span> 
     </span>
     <span class='ocr_line' id='line_1_25' title="bbox 218 2882 1548 2975; baseline -0.001 -24"><span class='ocrx_word' id='word_1_281' title='bbox 218 2884 287 2952; x_wconf 88' lang='lat' dir='ltr'>alio</span> <span class='ocrx_word' id='word_1_282' title='bbox 302 2884 408 2951; x_wconf 91' lang='lat' dir='ltr'>modo</span> <span class='ocrx_word' id='word_1_283' title='bbox 423 2905 459 2950; x_wconf 92' lang='lat' dir='ltr'>se</span> <span class='ocrx_word' id='word_1_284' title='bbox 477 2885 653 2972; x_wconf 82' lang='lat' dir='ltr'>integrum</span> <span class='ocrx_word' id='word_1_285' title='bbox 668 2883 819 2975; x_wconf 89' lang='lat' dir='ltr'>pretium</span> <span class='ocrx_word' id='word_1_286' title='bbox 832 2884 913 2952; x_wconf 85' lang='lat' dir='ltr'>dare</span> <span class='ocrx_word' id='word_1_287' title='bbox 927 2889 961 2951; x_wconf 88' lang='lat' dir='ltr'>et</span> <span class='ocrx_word' id='word_1_288' title='bbox 975 2904 1174 2951; x_wconf 85' lang='lat' dir='ltr'>consecrare</span> <span class='ocrx_word' id='word_1_289' title='bbox 1181 2888 1249 2952; x_wconf 86' lang='lat' dir='ltr'>Deo</span> <span class='ocrx_word' id='word_1_290' title='bbox 1260 2882 1298 2951; x_wconf 88' lang='lat' dir='ltr'>in</span> <span class='ocrx_word' id='word_1_291' title='bbox 1307 2883 1441 2951; x_wconf 88' lang='lat' dir='ltr'>bonum</span> <span class='ocrx_word' id='word_1_292' title='bbox 1454 2905 1548 2950; x_wconf 89' lang='lat' dir='ltr'>com·</span> 
     </span>
     <span class='ocr_line' id='line_1_26' title="bbox 219 2989 1548 3081; baseline -0.002 -24"><span class='ocrx_word' id='word_1_293' title='bbox 219 3012 325 3058; x_wconf 86' lang='lat' dir='ltr'>mune</span> <span class='ocrx_word' id='word_1_294' title='bbox 341 3014 349 3073; x_wconf 93' lang='lat'>;</span> <span class='ocrx_word' id='word_1_295' title='bbox 370 3020 386 3051; x_wconf 71' lang='grc' dir='ltr'>«ι</span> <span class='ocrx_word' id='word_1_296' title='bbox 405 3012 475 3081; x_wconf 92' lang='lat' dir='ltr'>quo</span> <span class='ocrx_word' id='word_1_297' title='bbox 489 2990 607 3057; x_wconf 89' lang='lat' dir='ltr'>animo</span> <span class='ocrx_word' id='word_1_298' title='bbox 622 2991 684 3058; x_wconf 88' lang='lat' dir='ltr'>boc</span> <span class='ocrx_word' id='word_1_299' title='bbox 700 2989 755 3057; x_wconf 90' lang='lat' dir='ltr'>illi</span> <span class='ocrx_word' id='word_1_300' title='bbox 771 2990 914 3058; x_wconf 87' lang='lat' dir='ltr'>iecerint</span> <span class='ocrx_word' id='word_1_301' title='bbox 927 3012 998 3056; x_wconf 87' lang='lat' dir='ltr'>non</span> <span class='ocrx_word' id='word_1_302' title='bbox 1010 2989 1090 3057; x_wconf 87' lang='lat' dir='ltr'>satis</span> <span class='ocrx_word' id='word_1_303' title='bbox 1104 2994 1255 3070; x_wconf 73' lang='lat' dir='ltr'>constat,</span> <span class='ocrx_word' id='word_1_304' title='bbox 1282 3013 1327 3058; x_wconf 91' lang='lat' dir='ltr'>an</span> <span class='ocrx_word' id='word_1_305' title='bbox 1348 2989 1495 3057; x_wconf 85' lang='lat' dir='ltr'>avaritia</span> <span class='ocrx_word' id='word_1_306' title='bbox 1513 2993 1548 3057; x_wconf 92' lang='lat' dir='ltr'>et</span> 
     </span>
     <span class='ocr_line' id='line_1_27' title="bbox 218 3094 1548 3188; baseline -0.002 -25"><span class='ocrx_word' id='word_1_307' title='bbox 218 3095 410 3188; x_wconf 88' lang='lat' dir='ltr'>cupiditate</span> <span class='ocrx_word' id='word_1_308' title='bbox 430 3096 605 3165; x_wconf 87' lang='lat' dir='ltr'>retinendi</span> <span class='ocrx_word' id='word_1_309' title='bbox 628 3118 706 3180; x_wconf 88' lang='lat' dir='ltr'>sua,</span> <span class='ocrx_word' id='word_1_310' title='bbox 722 3118 769 3163; x_wconf 93' lang='lat' dir='ltr'>an</span> <span class='ocrx_word' id='word_1_311' title='bbox 789 3096 977 3187; x_wconf 79' lang='lat' dir='ltr'>hypocrisi,</span> <span class='ocrx_word' id='word_1_312' title='bbox 994 3102 1034 3163; x_wconf 91' lang='lat' dir='ltr'>ut</span> <span class='ocrx_word' id='word_1_313' title='bbox 1054 3098 1192 3187; x_wconf 89' lang='lat' dir='ltr'>possent</span> <span class='ocrx_word' id='word_1_314' title='bbox 1217 3117 1298 3163; x_wconf 89' lang='lat' dir='ltr'>cum</span> <span class='ocrx_word' id='word_1_315' title='bbox 1319 3095 1398 3164; x_wconf 87' lang='lat' dir='ltr'>aliis</span> <span class='ocrx_word' id='word_1_316' title='bbox 1420 3094 1548 3164; x_wconf 83' lang='lat' dir='ltr'>sanctis</span> 
     </span>
     <span class='ocr_line' id='line_1_28' title="bbox 217 3200 1545 3292; baseline -0.002 -22"><span class='ocrx_word' id='word_1_317' title='bbox 217 3204 480 3286; x_wconf 87' lang='lat' dir='ltr'>connumerari,</span> <span class='ocrx_word' id='word_1_318' title='bbox 500 3224 545 3269; x_wconf 87' lang='lat' dir='ltr'>an</span> <span class='ocrx_word' id='word_1_319' title='bbox 561 3200 801 3270; x_wconf 87' lang='lat' dir='ltr'>incredulitate</span> <span class='ocrx_word' id='word_1_320' title='bbox 821 3201 914 3292; x_wconf 87' lang='lat' dir='ltr'>quod</span> <span class='ocrx_word' id='word_1_321' title='bbox 931 3202 1091 3269; x_wconf 89' lang='lat' dir='ltr'>timerent</span> <span class='ocrx_word' id='word_1_322' title='bbox 1107 3206 1258 3288; x_wconf 81' lang='lat' dir='ltr'>egestate</span> <span class='ocrx_word' id='word_1_323' title='bbox 1277 3223 1313 3269; x_wconf 89' lang='lat' dir='ltr'>se</span> <span class='ocrx_word' id='word_1_324' title='bbox 1333 3202 1545 3283; x_wconf 88' lang='lat' dir='ltr'>enecandos,</span> 
     </span>
     <span class='ocr_line' id='line_1_29' title="bbox 217 3305 1545 3392; baseline -0.002 -16"><span class='ocrx_word' id='word_1_325' title='bbox 217 3309 246 3376; x_wconf 92' lang='lat' dir='ltr'>si</span> <span class='ocrx_word' id='word_1_326' title='bbox 266 3310 382 3376; x_wconf 89' lang='lat' dir='ltr'>omnia</span> <span class='ocrx_word' id='word_1_327' title='bbox 403 3308 622 3375; x_wconf 81' lang='lat' dir='ltr'>abdicassent</span> <span class='ocrx_word' id='word_1_328' title='bbox 648 3335 664 3369; x_wconf 84' lang='grc' dir='ltr'>ν</span> <span class='ocrx_word' id='word_1_329' title='bbox 694 3306 845 3392; x_wconf 64' lang='grc' dir='ltr'>(δεῖνι).</span> <span class='ocrx_word' id='word_1_330' title='bbox 875 3306 1140 3374; x_wconf 72' lang='lat' dir='ltr'>fraudulentam</span> <span class='ocrx_word' id='word_1_331' title='bbox 1165 3305 1262 3375; x_wconf 89' lang='lat' dir='ltr'>illam</span> <span class='ocrx_word' id='word_1_332' title='bbox 1289 3311 1324 3374; x_wconf 86' lang='lat' dir='ltr'>et</span> <span class='ocrx_word' id='word_1_333' title='bbox 1341 3306 1545 3375; x_wconf 87' lang='lat' dir='ltr'>mendacem</span> 
     </span>
     <span class='ocr_line' id='line_1_30' title="bbox 218 3411 1546 3504; baseline -0.002 -22"><span class='ocrx_word' id='word_1_334' title='bbox 218 3416 504 3500; x_wconf 84' lang='lat' dir='ltr'>affirmationem,</span> <span class='ocrx_word' id='word_1_335' title='bbox 525 3436 594 3503; x_wconf 91' lang='lat' dir='ltr'>qua</span> <span class='ocrx_word' id='word_1_336' title='bbox 611 3414 761 3481; x_wconf 81' lang='lat' dir='ltr'>Ananias</span> <span class='ocrx_word' id='word_1_337' title='bbox 774 3412 929 3500; x_wconf 82' lang='lat' dir='ltr'>lingebat</span> <span class='ocrx_word' id='word_1_338' title='bbox 952 3434 988 3480; x_wconf 89' lang='lat' dir='ltr'>se</span> <span class='ocrx_word' id='word_1_339' title='bbox 1006 3413 1126 3483; x_wconf 88' lang='lat' dir='ltr'>eadem</span> <span class='ocrx_word' id='word_1_340' title='bbox 1144 3411 1357 3481; x_wconf 86' lang='lat' dir='ltr'>liberalitate</span> <span class='ocrx_word' id='word_1_341' title='bbox 1378 3435 1448 3504; x_wconf 91' lang='lat' dir='ltr'>qua</span> <span class='ocrx_word' id='word_1_342' title='bbox 1459 3414 1546 3480; x_wconf 87' lang='lat' dir='ltr'>alios</span> 
     </span>
     <span class='ocr_line' id='line_1_31' title="bbox 216 3517 1545 3610; baseline -0.001 -23"><span class='ocrx_word' id='word_1_343' title='bbox 216 3521 352 3589; x_wconf 83' lang='lat' dir='ltr'>laudari</span> <span class='ocrx_word' id='word_1_344' title='bbox 371 3520 503 3588; x_wconf 87' lang='lat' dir='ltr'>sciebat</span> <span class='ocrx_word' id='word_1_345' title='bbox 521 3519 684 3587; x_wconf 89' lang='lat' dir='ltr'>obtulisse</span> <span class='ocrx_word' id='word_1_346' title='bbox 698 3524 807 3586; x_wconf 90' lang='lat' dir='ltr'>totum</span> <span class='ocrx_word' id='word_1_347' title='bbox 816 3519 985 3609; x_wconf 82' lang='lat' dir='ltr'>pretium,</span> <span class='ocrx_word' id='word_1_348' title='bbox 1002 3524 1150 3587; x_wconf 89' lang='lat' dir='ltr'>Petrusa</span> <span class='ocrx_word' id='word_1_349' title='bbox 1162 3517 1294 3610; x_wconf 89' lang='lat' dir='ltr'>Spiritu</span> <span class='ocrx_word' id='word_1_350' title='bbox 1310 3524 1429 3585; x_wconf 87' lang='lat' dir='ltr'>saneto</span> <span class='ocrx_word' id='word_1_351' title='bbox 1443 3520 1545 3587; x_wconf 87' lang='lat' dir='ltr'>edoc-</span> 
     </span>
     <span class='ocr_line' id='line_1_32' title="bbox 217 3623 1544 3715; baseline -0.003 -19"><span class='ocrx_word' id='word_1_352' title='bbox 217 3636 271 3696; x_wconf 92' lang='lat' dir='ltr'>tus</span> <span class='ocrx_word' id='word_1_353' title='bbox 297 3627 462 3715; x_wconf 81' lang='lat' dir='ltr'>cognovit</span> <span class='ocrx_word' id='word_1_354' title='bbox 478 3649 511 3693; x_wconf 90' lang='lat' dir='ltr'>v.</span> <span class='ocrx_word' id='word_1_355' title='bbox 537 3634 556 3694; x_wconf 85' lang='lat'><strong>3</strong></span> <span class='ocrx_word' id='word_1_356' title='bbox 577 3624 668 3692; x_wconf 76' lang='lat' dir='ltr'>dixit</span> <span class='ocrx_word' id='word_1_357' title='bbox 687 3637 803 3692; x_wconf 82' lang='lat' dir='ltr'>autem</span> <span class='ocrx_word' id='word_1_358' title='bbox 822 3628 943 3692; x_wconf 80' lang='lat' dir='ltr'>Petrus</span> <span class='ocrx_word' id='word_1_359' title='bbox 967 3645 980 3690; x_wconf 92' lang='lat'>.·</span> <span class='ocrx_word' id='word_1_360' title='bbox 999 3625 1138 3692; x_wconf 80' lang='lat' dir='ltr'>Anania</span> <span class='ocrx_word' id='word_1_361' title='bbox 1143 3677 1154 3710; x_wconf 89' lang='lat'>,</span> <span class='ocrx_word' id='word_1_362' title='bbox 1172 3646 1232 3691; x_wconf 82' lang='lat' dir='ltr'>cur</span> <span class='ocrx_word' id='word_1_363' title='bbox 1243 3623 1389 3691; x_wconf 83' lang='lat' dir='ltr'>tentavit</span> <span class='ocrx_word' id='word_1_364' title='bbox 1403 3637 1544 3692; x_wconf 78' lang='lat' dir='ltr'>satanas</span> 
     </span>
     <span class='ocr_line' id='line_1_33' title="bbox 217 3730 1541 3821; baseline -0.005 -19"><span class='ocrx_word' id='word_1_365' title='bbox 217 3757 275 3802; x_wconf 88' lang='lat' dir='ltr'>cor</span> <span class='ocrx_word' id='word_1_366' title='bbox 296 3747 411 3817; x_wconf 66' lang='lat' dir='ltr'>enirm,</span> <span class='ocrx_word' id='word_1_367' title='bbox 431 3731 619 3801; x_wconf 88' lang='lat' dir='ltr'>tentatione</span> <span class='ocrx_word' id='word_1_368' title='bbox 643 3731 718 3798; x_wconf 91' lang='lat' dir='ltr'>scil.</span> <span class='ocrx_word' id='word_1_369' title='bbox 742 3731 872 3799; x_wconf 79' lang='lat' dir='ltr'>efficaci</span> <span class='ocrx_word' id='word_1_370' title='bbox 887 3752 1158 3821; x_wconf 83' lang='lat' dir='ltr'>percensensum</span> <span class='ocrx_word' id='word_1_371' title='bbox 1175 3730 1305 3814; x_wconf 87' lang='lat' dir='ltr'>cordis,</span> <span class='ocrx_word' id='word_1_372' title='bbox 1318 3737 1357 3800; x_wconf 90' lang='lat' dir='ltr'>ut</span> <span class='ocrx_word' id='word_1_373' title='bbox 1384 3733 1458 3798; x_wconf 80' lang='lat' dir='ltr'>Est.</span> <span class='ocrx_word' id='word_1_374' title='bbox 1477 3730 1541 3814; x_wconf 89' lang='lat' dir='ltr'>ait;</span> 
     </span>
     <span class='ocr_line' id='line_1_34' title="bbox 215 3835 1540 3928; baseline -0.002 -22"><span class='ocrx_word' id='word_1_375' title='bbox 215 3841 402 3906; x_wconf 90' lang='lat' dir='ltr'>nonenim</span> <span class='ocrx_word' id='word_1_376' title='bbox 431 3837 665 3928; x_wconf 84' lang='lat' dir='ltr'>increpandus</span> <span class='ocrx_word' id='word_1_377' title='bbox 689 3841 763 3905; x_wconf 88' lang='lat' dir='ltr'>erat</span> <span class='ocrx_word' id='word_1_378' title='bbox 784 3837 947 3921; x_wconf 83' lang='lat' dir='ltr'>Ananias,</span> <span class='ocrx_word' id='word_1_379' title='bbox 970 3835 1064 3927; x_wconf 88' lang='lat' dir='ltr'>quod</span> <span class='ocrx_word' id='word_1_380' title='bbox 1092 3840 1253 3915; x_wconf 84' lang='lat' dir='ltr'>tentasset</span> <span class='ocrx_word' id='word_1_381' title='bbox 1281 3858 1361 3906; x_wconf 90' lang='lat' dir='ltr'>eum</span> <span class='ocrx_word' id='word_1_382' title='bbox 1389 3844 1540 3921; x_wconf 86' lang='lat' dir='ltr'>satanas,</span> 
     </span>
     <span class='ocr_line' id='line_1_35' title="bbox 216 3938 1614 4034; baseline -0.002 -21"><span class='ocrx_word' id='word_1_383' title='bbox 216 3966 296 4013; x_wconf 90' lang='lat' dir='ltr'>cum</span> <span class='ocrx_word' id='word_1_384' title='bbox 311 3943 347 4010; x_wconf 92' lang='lat' dir='ltr'>id</span> <span class='ocrx_word' id='word_1_385' title='bbox 367 3965 437 4010; x_wconf 90' lang='lat' dir='ltr'>non</span> <span class='ocrx_word' id='word_1_386' title='bbox 453 3948 540 4011; x_wconf 88' lang='lat' dir='ltr'>esset</span> <span class='ocrx_word' id='word_1_387' title='bbox 560 3943 598 4010; x_wconf 91' lang='lat' dir='ltr'>in</span> <span class='ocrx_word' id='word_1_388' title='bbox 625 3944 698 4010; x_wconf 92' lang='lat' dir='ltr'>eius</span> <span class='ocrx_word' id='word_1_389' title='bbox 719 3948 902 4034; x_wconf 85' lang='lat' dir='ltr'>potestate,</span> <span class='ocrx_word' id='word_1_390' title='bbox 922 3942 981 4010; x_wconf 87' lang='lat' dir='ltr'>sed</span> <span class='ocrx_word' id='word_1_391' title='bbox 1008 3941 1102 4033; x_wconf 88' lang='lat' dir='ltr'>quod</span> <span class='ocrx_word' id='word_1_392' title='bbox 1124 3942 1364 4024; x_wconf 87' lang='lat' dir='ltr'>consensisset,</span> <span class='ocrx_word' id='word_1_393' title='bbox 1385 3943 1424 4011; x_wconf 91' lang='lat' dir='ltr'>id</span> <span class='ocrx_word' id='word_1_394' title='bbox 1448 3943 1543 4034; x_wconf 87' lang='lat' dir='ltr'>qood</span> <span class='ocrx_word' id='word_1_395' title='bbox 1611 3938 1614 3944; x_wconf 73' lang='grc'>’</span> 
     </span>
     <span class='ocr_line' id='line_1_36' title="bbox 216 4047 1545 4140; baseline -0.002 -22"><span class='ocrx_word' id='word_1_396' title='bbox 216 4072 344 4138; x_wconf 83' lang='lat' dir='ltr'>graeca</span> <span class='ocrx_word' id='word_1_397' title='bbox 358 4049 459 4117; x_wconf 87' lang='lat' dir='ltr'>lectio</span> <span class='ocrx_word' id='word_1_398' title='bbox 484 4049 655 4137; x_wconf 83' lang='lat' dir='ltr'>signifieat</span> <span class='ocrx_word' id='word_1_399' title='bbox 679 4057 851 4140; x_wconf 76' lang='grc' dir='ltr'>ἐπλήρωσεν</span> <span class='ocrx_word' id='word_1_400' title='bbox 871 4047 1050 4139; x_wconf 84' lang='lat' dir='ltr'>implevit;</span> <span class='ocrx_word' id='word_1_401' title='bbox 1067 4069 1180 4139; x_wconf 89' lang='lat' dir='ltr'>neque</span> <span class='ocrx_word' id='word_1_402' title='bbox 1207 4047 1303 4117; x_wconf 92' lang='lat' dir='ltr'>enim</span> <span class='ocrx_word' id='word_1_403' title='bbox 1323 4053 1460 4117; x_wconf 85' lang='lat' dir='ltr'>satanas</span> <span class='ocrx_word' id='word_1_404' title='bbox 1485 4071 1545 4116; x_wconf 85' lang='lat' dir='ltr'>cor</span> 
     </span>
     <span class='ocr_line' id='line_1_37' title="bbox 215 4155 1543 4247; baseline -0.003 -22"><span class='ocrx_word' id='word_1_405' title='bbox 215 4159 289 4225; x_wconf 89' lang='lat' dir='ltr'>eius</span> <span class='ocrx_word' id='word_1_406' title='bbox 309 4156 456 4247; x_wconf 85' lang='lat' dir='ltr'>implero</span> <span class='ocrx_word' id='word_1_407' title='bbox 473 4155 655 4246; x_wconf 88' lang='lat' dir='ltr'>potuisset,</span> <span class='ocrx_word' id='word_1_408' title='bbox 677 4155 744 4224; x_wconf 87' lang='lat' dir='ltr'>nisi</span> <span class='ocrx_word' id='word_1_409' title='bbox 764 4155 822 4224; x_wconf 91' lang='lat' dir='ltr'>ille</span> <span class='ocrx_word' id='word_1_410' title='bbox 844 4178 905 4247; x_wconf 86' lang='lat' dir='ltr'>per</span> <span class='ocrx_word' id='word_1_411' title='bbox 924 4174 1125 4223; x_wconf 85' lang='lat' dir='ltr'>consensum</span> <span class='ocrx_word' id='word_1_412' title='bbox 1144 4176 1204 4223; x_wconf 89' lang='lat' dir='ltr'>cor</span> <span class='ocrx_word' id='word_1_413' title='bbox 1224 4177 1325 4223; x_wconf 89' lang='lat' dir='ltr'>suum</span> <span class='ocrx_word' id='word_1_414' title='bbox 1351 4155 1543 4246; x_wconf 86' lang='lat' dir='ltr'>aperuisset</span> 
     </span>
     <span class='ocr_line' id='line_1_38' title="bbox 215 4260 1540 4355; baseline -0.003 -25"><span class='ocrx_word' id='word_1_415' title='bbox 215 4285 346 4355; x_wconf 80' lang='lat' dir='ltr'>pravae</span> <span class='ocrx_word' id='word_1_416' title='bbox 370 4261 587 4350; x_wconf 81' lang='lat' dir='ltr'>suggestioni</span> <span class='ocrx_word' id='word_1_417' title='bbox 603 4264 724 4352; x_wconf 83' lang='lat' dir='ltr'>(Est.);</span> <span class='ocrx_word' id='word_1_418' title='bbox 741 4262 842 4353; x_wconf 90' lang='lat' dir='ltr'>proin</span> <span class='ocrx_word' id='word_1_419' title='bbox 860 4260 1005 4354; x_wconf 87' lang='lat' dir='ltr'>implere</span> <span class='ocrx_word' id='word_1_420' title='bbox 1017 4260 1043 4329; x_wconf 86' lang='lat' dir='ltr'>i.</span> <span class='ocrx_word' id='word_1_421' title='bbox 1059 4284 1090 4330; x_wconf 85' lang='lat' dir='ltr'>e.</span> <span class='ocrx_word' id='word_1_422' title='bbox 1111 4282 1279 4350; x_wconf 87' lang='lat' dir='ltr'>occupare</span> <span class='ocrx_word' id='word_1_423' title='bbox 1294 4260 1426 4350; x_wconf 87' lang='lat' dir='ltr'>cor(ci.</span> <span class='ocrx_word' id='word_1_424' title='bbox 1447 4264 1540 4327; x_wconf 65' lang='lat' dir='ltr'>loan·</span> 
     </span>
     <span class='ocr_line' id='line_1_39' title="bbox 196 4365 1538 4461; baseline -0.004 -23"><span class='ocrx_word' id='word_1_425' title='bbox 196 4369 325 4461; x_wconf 83' lang='grc'>-16,6),</span> <span class='ocrx_word' id='word_1_426' title='bbox 353 4368 497 4436; x_wconf 61' lang='lat' dir='ltr'>inentis-i</span> <span class='ocrx_word' id='word_1_427' title='bbox 517 4381 548 4437; x_wconf 87' lang='lat' dir='ltr'>te</span> <span class='ocrx_word' id='word_1_428' title='bbox 575 4367 726 4460; x_wconf 78' lang='lat' dir='ltr'>Spiritui</span> <span class='ocrx_word' id='word_1_429' title='bbox 743 4382 878 4454; x_wconf 77' lang='lat' dir='ltr'>sancto,</span> <span class='ocrx_word' id='word_1_430' title='bbox 903 4377 1058 4457; x_wconf 61' lang='grc' dir='ltr'>φείσασθαι</span> <span class='ocrx_word' id='word_1_431' title='bbox 1082 4380 1158 4438; x_wconf 64' lang='grc' dir='ltr'>τε...</span> <span class='ocrx_word' id='word_1_432' title='bbox 1181 4365 1305 4434; x_wconf 80' lang='lat' dir='ltr'>fallere</span> <span class='ocrx_word' id='word_1_433' title='bbox 1323 4365 1491 4458; x_wconf 90' lang='lat' dir='ltr'>Spiritum</span> <span class='ocrx_word' id='word_1_434' title='bbox 1511 4389 1538 4433; x_wconf 89' lang='lat' dir='ltr'>s.</span> 
     </span>
     <span class='ocr_line' id='line_1_40' title="bbox 215 4470 1541 4566; baseline -0.003 -22"><span class='ocrx_word' id='word_1_435' title='bbox 215 4475 416 4557; x_wconf 88' lang='lat' dir='ltr'>mendacio;</span> <span class='ocrx_word' id='word_1_436' title='bbox 437 4504 454 4537; x_wconf 88' lang='lat'>«</span> <span class='ocrx_word' id='word_1_437' title='bbox 470 4481 520 4543; x_wconf 87' lang='lat' dir='ltr'>est</span> <span class='ocrx_word' id='word_1_438' title='bbox 534 4475 629 4543; x_wconf 91' lang='lat' dir='ltr'>enim</span> <span class='ocrx_word' id='word_1_439' title='bbox 649 4475 835 4543; x_wconf 87' lang='lat' dir='ltr'>verisimile</span> <span class='ocrx_word' id='word_1_440' title='bbox 849 4475 941 4566; x_wconf 88' lang='lat' dir='ltr'>quod</span> <span class='ocrx_word' id='word_1_441' title='bbox 962 4474 1101 4566; x_wconf 89' lang='lat' dir='ltr'>quando</span> <span class='ocrx_word' id='word_1_442' title='bbox 1115 4472 1159 4541; x_wconf 88' lang='lat' dir='ltr'>ad</span> <span class='ocrx_word' id='word_1_443' title='bbox 1181 4470 1288 4564; x_wconf 88' lang='lat' dir='ltr'>pedes</span> <span class='ocrx_word' id='word_1_444' title='bbox 1306 4473 1541 4563; x_wconf 87' lang='lat' dir='ltr'>apostolorum</span> 
     </span>
     <span class='ocr_line' id='line_1_41' title="bbox 216 4579 1541 4675; baseline -0.002 -25"><span class='ocrx_word' id='word_1_445' title='bbox 216 4583 425 4651; x_wconf 85' lang='lat' dir='ltr'>adserebant</span> <span class='ocrx_word' id='word_1_446' title='bbox 438 4582 534 4675; x_wconf 88' lang='lat' dir='ltr'>quod</span> <span class='ocrx_word' id='word_1_447' title='bbox 547 4587 630 4649; x_wconf 92' lang='lat' dir='ltr'>tunc</span> <span class='ocrx_word' id='word_1_448' title='bbox 644 4586 763 4649; x_wconf 89' lang='lat' dir='ltr'>votum</span> <span class='ocrx_word' id='word_1_449' title='bbox 782 4581 976 4650; x_wconf 85' lang='lat' dir='ltr'>emitterent</span> <span class='ocrx_word' id='word_1_450' title='bbox 985 4587 1019 4649; x_wconf 91' lang='lat' dir='ltr'>et</span> <span class='ocrx_word' id='word_1_451' title='bbox 1030 4603 1094 4673; x_wconf 90' lang='lat' dir='ltr'>per</span> <span class='ocrx_word' id='word_1_452' title='bbox 1105 4579 1193 4647; x_wconf 91' lang='lat' dir='ltr'>illud</span> <span class='ocrx_word' id='word_1_453' title='bbox 1206 4601 1269 4649; x_wconf 86' lang='lat' dir='ltr'>sua</span> <span class='ocrx_word' id='word_1_454' title='bbox 1283 4584 1350 4649; x_wconf 85' lang='lat' dir='ltr'>Deo</span> <span class='ocrx_word' id='word_1_455' title='bbox 1363 4600 1541 4648; x_wconf 83' lang='lat' dir='ltr'>consecra·</span> 
     </span>
     <span class='ocr_line' id='line_1_42' title="bbox 136 4684 1538 4780; baseline 0.002 -31"><span class='ocrx_word' id='word_1_456' title='bbox 136 4746 138 4749; x_wconf 84' lang='lat'>.</span> <span class='ocrx_word' id='word_1_457' title='bbox 216 4696 294 4757; x_wconf 85' lang='lat' dir='ltr'>rent</span> <span class='ocrx_word' id='word_1_458' title='bbox 320 4718 336 4750; x_wconf 74' lang='grc' dir='ltr'>ν</span> <span class='ocrx_word' id='word_1_459' title='bbox 364 4688 519 4780; x_wconf 68' lang='lat' dir='ltr'>(Solon),</span> <span class='ocrx_word' id='word_1_460' title='bbox 536 4687 590 4756; x_wconf 83' lang='lat' dir='ltr'>vel</span> <span class='ocrx_word' id='word_1_461' title='bbox 611 4686 705 4779; x_wconf 90' lang='lat' dir='ltr'>quod</span> <span class='ocrx_word' id='word_1_462' title='bbox 721 4688 793 4756; x_wconf 86' lang='lat' dir='ltr'>sola</span> <span class='ocrx_word' id='word_1_463' title='bbox 820 4685 947 4755; x_wconf 88' lang='lat' dir='ltr'>oblatio</span> <span class='ocrx_word' id='word_1_464' title='bbox 968 4685 1028 4755; x_wconf 89' lang='lat' dir='ltr'>illa</span> <span class='ocrx_word' id='word_1_465' title='bbox 1054 4684 1252 4755; x_wconf 85' lang='lat' dir='ltr'>continebat</span> <span class='ocrx_word' id='word_1_466' title='bbox 1274 4685 1314 4754; x_wconf 89' lang='lat' dir='ltr'>in</span> <span class='ocrx_word' id='word_1_467' title='bbox 1335 4708 1371 4755; x_wconf 88' lang='lat' dir='ltr'>se</span> <span class='ocrx_word' id='word_1_468' title='bbox 1394 4684 1538 4758; x_wconf 86' lang='lat' dir='ltr'>tacitum</span> 
     </span>
    </p>
   </div>
   <div class='ocr_carea' id='block_1_8' title="bbox 0 0 2082 5452">
    <p class='ocr_par' dir='ltr' id='par_1_8' title="bbox 0 0 2082 5452">
     <span class='ocr_line' id='line_1_43' title="bbox 0 0 2082 5452; baseline 0 5"><span class='ocrx_word' id='word_1_469' title='bbox 0 0 2082 5452; x_wconf 95' lang='lat' dir='ltr'> </span> 
     </span>
    </p>
   </div>
  </div>
 </body>
</html>
