4154 5452
161 402 166 415 .
226 339 285 398 rra
797 360 866 406 aar.
890 342 971 415 aar.

230 485 383 555 moriam
404 451 550 557 liciebat
565 512 705 582 pacem,
728 490 771 557 de
795 486 1050 578 praedicatione
1073 483 1110 549 in
1132 481 1281 549 Galilaea
1301 504 1373 549 non
1388 468 1548 553 'narravit

231 597 352 675 Lucas;
381 594 489 674 habes
512 596 607 663 aliud
629 596 819 684 exemplum
844 592 900 680 (cf.
922 589 994 677 83)
1015 609 1094 657 enm
1117 588 1227 656 multa
1245 608 1436 679 supponere
1456 590 1547 658 iacta

229 722 319 791 quae
333 702 445 770 noluit
459 701 504 770 ab
517 701 651 787 origine
664 700 806 780 referre;
825 717 927 763 unam
941 717 1059 763 omnes
1073 694 1191 764 fideles
1202 695 1410 763 constituere
1424 695 1546 763 Christi

228 807 398 876 familiam
424 806 636 885 declaratur,
665 824 785 894 pacem
813 802 873 870 alii
899 806 1060 894 repetunt
1086 810 1300 893 extempore
1328 825 1398 893 quo
1426 802 1546 871 Saulus

229 914 418 984 acerrimus
435 915 633 1001 persecutor
651 914 726 976 erat
742 931 934 979 conversus.
950 908 1002 979 ad
1016 910 1146 978 bonum
1161 910 1228 976 hoo
1241 909 1501 999 tranquillitatis
1514 915 1548 976 et

233 1018 424 1087 securitatis
444 1016 489 1084 ab
504 1015 779 1084 adversariorum
793 1016 1112 1108 impugnationibus
1125 1013 1335 1083 accedebant
1354 1014 1423 1082 duo
1444 1016 1513 1090 alia
1536 1036 1544 1083 :

228 1126 481 1192 incrementum
496 1123 633 1212 pietatis
647 1130 681 1190 et
696 1130 923 1212 augmentum
935 1120 1071 1190 numeri
1089 1119 1259 1201 fidelium3
1280 1118 1376 1209 prius
1391 1119 1546 1188 declara·

227 1237 284 1298 tur
309 1249 318 1295 t
343 1240 376 1297 et
398 1227 646 1318 aedificabatur
666 1231 848 1299 ambulans
869 1229 908 1296 in
928 1227 1050 1295 timore
1065 1224 1221 1314 Domini,
1241 1225 1416 1294 aedificari
1430 1226 1473 1295 de
1491 1225 1545 1293 in-

231 1340 405 1404 cremento
431 1335 585 1419 interno,
609 1335 776 1428 spirituali
797 1335 866 1403 dici
888 1333 976 1402 solet
998 1332 1113 1419 (2032
1134 1337 1168 1399 et
1188 1332 1322 1424 saepius
1345 1332 1439 1424 apud
1458 1337 1544 1400 Pau·

227 1441 319 1526 lum3
336 1443 380 1509 cl.
398 1447 494 1512 Rom.
512 1449 629 1525 rt,rs;
650 1448 740 1525 1552.
758 1449 775 1510 1
802 1445 876 1508 Gor.
892 1446 966 1523 8,1;
985 1445 1102 1523 10,23;
1121 1446 1212 1523 11,1ι.
1231 1446 1283 1508 17.
1303 1443 1413 1509 icor.
1431 1446 1543 1524 1219.

231 1556 247 1616 1
271 1549 385 1616 Thess.
403 1556 481 1630 5,ss
499 1547 581 1639 ete.)
603 1554 637 1615 et
656 1546 784 1637 petitur
796 1548 1001 1637 metaphora
1019 1568 1059 1613 ex
1077 1568 1118 1613 eo
1132 1532 1215 1636 qnia
1230 1545 1349 1613 fideles
1360 1553 1439 1614 sunt
1452 1574 1468 1608 a
1488 1546 1547 1614 [tei

229 1654 457 1723 aedificatio»
475 1661 491 1721 1
508 1657 585 1720 Cor.
607 1659 699 1737 3,19,
716 1652 837 1721 domus
851 1652 1038 1740 spiritualis
1058 1659 1075 1719 1
1098 1655 1187 1718 Petr.
1205 1658 1280 1733 2‚5,
1297 1651 1467 1742 templum
1487 1651 1546 1719 Dei

227 1768 244 1829 1
263 1763 339 1828 Cor.
356 1765 456 1843 3‚1o;
473 1759 559 1827 haer
575 1759 694 1849 itaque
712 1758 835 1827 domus
848 1756 1035 1850 spiritualis
1050 1757 1095 1826 ab
1110 1779 1317 1848 unoquoque
1331 1757 1545 1824 aedificanda

228 1872 278 1933 est
299 1868 428 1957 pietate
447 1869 482 1933 et
499 1865 659 1934 exercitio
677 1865 860 1947 virtutum3
882 1865 968 1933 haec
986 1863 1177 1934 aedificatio
1192 1863 1352 1946 habetur,
1369 1863 1452 1931 dum
1467 1863 1546 1952 quis

225 1972 382 2041 ambulat
400 1973 424 2040 i.
441 1994 473 2040 e.
490 1962 598 2041 totam
615 1972 703 2041 vitae
722 1972 908 2055 rationem,
927 1970 1093 2040 sentiendi
1113 1971 1308 2062 agendique
1325 1968 1470 2038 modum
1492 1968 1560 2043 in·⁴

230 2079 340 2147 stituit
355 2079 394 2147 in
410 2078 532 2147 timore
550 2078 615 2147 Dei
629 2079 666 2146 in
684 2077 746 2146 illa
760 2099 845 2166 erga
858 2082 964 2147 [teum
974 2079 1166 2146 reverentia
1179 2083 1213 2145 et
1229 2077 1462 2159 observantia,
1477 2097 1547 2166 qna

227 2188 286 2254 Dei
303 2186 518 2254 voluntatem
540 2207 578 2254 ac
597 2184 852 2276 beneplacitum
876 2206 973 2253 suam
996 2184 1063 2259 sibi
1085 2183 1223 2252 vivendi
1240 2205 1396 2252 normam
1420 2181 1545 2250 consti-

220 2293 298 2362 tuit.
842 2302 847 2309 ”

269 2396 460 2466 Accedebat
481 2403 707 2486 augmentum
727 2403 904 2465 externum
926 2419 935 2466 ε
957 2409 989 2464 et
1010 2396 1239 2465 consolatione
1259 2395 1372 2463 sancti
1393 2394 1545 2486 Spiritus

227 2503 423 2594 replebatur
448 2512 631 2590 ἐπληθύνετο
652 2502 677 2570 i.
703 2524 734 2570 e.
760 2502 1069 2593 multiplicabatur,
1095 2502 1146 2570 nti
1166 2502 1205 2570 in
1231 2524 1356 2590 graeco
1379 2502 1542 2592 scriptum

228 2616 279 2678 est
298 2610 438 2699 (Bedo);
465 2609 698 2678 consolatione
719 2617 923 2698 παρακλήσει,
947 2636 963 2670 u
988 2608 1088 2676 unde·
1104 2609 1211 2676 claret
1232 2610 1426 2690 manifeste,
1449 2607 1544 2699 quod

223 2716 303 2784 ideo
322 2716 469 2807 Spiritus
487 2721 624 2784 sanctus
644 2714 838 2783 Paracletus
861 2715 1137 2803 cognominatur,
1155 2716 1237 2805 quia
1257 2715 1415 2783 fidelium
1437 2715 1542 2783 corda

221 2823 398 2891 illustrans
410 2822 594 2890 Ecclesiam
608 2826 678 2889 toto
690 2821 772 2889 orbe
785 2820 991 2912 multiplicat
1004 2828 1037 2888 et
1048 2845 1110 2891 sua
1119 2821 1232 2911 gratia
1246 2822 1354 2913 replet
1370 2850 1386 2883 »
1408 2819 1539 2907 (Bedol.

221 2929 333 2998 Etiam
352 2931 448 2997 Patr.
467 2933 611 2998 monet:
633 2927 925 3018 multiplicabatur
938 2950 995 2995 seu
1011 2929 1215 3015 angebatur,
1235 2927 1295 3019 qui
1314 2933 1365 2996 est
1383 2929 1542 3018 proprius

223 3037 340 3124 graeci
358 3034 461 3103 huius
479 3034 576 3103 verbi
597 3054 715 3102 sensus
728 3038 763 3100 et
780 3032 817 3100 in
831 3055 933 3127 quem
951 3033 1039 3102 illud
1058 3034 1227 3124 interpres
1247 3034 1373 3102 latinus
1392 3033 1542 3125 plerum·

226 3164 293 3232 que
315 3140 449 3231 accepit
465 3142 502 3208 in
515 3162 606 3208 novo
622 3138 837 3207 testamento.
858 3139 981 3208 Crescit
995 3140 1136 3208 ecclesia
1149 3141 1262 3227 gratia
1275 3140 1422 3231 Spiritus
1434 3141 1542 3208 sancti

225 3249 248 3315 i.
267 3270 297 3315 e.
317 3247 463 3315 docente
484 3253 517 3314 et
539 3245 760 3328 admonente,
777 3245 990 3314 confortante
1009 3247 1138 3337 Spiritu
1161 3250 1293 3328 sanct03
1316 3250 1541 3335 augmentum

223 3354 341 3445 itaque
361 3352 568 3420 adscribitur
584 3351 776 3442 operationi
795 3350 957 3441 SpirituS,
973 3370 1009 3443 τῇ
1024 3361 1210 3440 παρακλήσει
1228 3353 1393 3443 alloquio,
1413 3352 1541 3419 adhor-

227 3459 373 3541 tatione,
396 3458 457 3549 qui
476 3458 622 3549 Spiritus
644 3457 778 3525 interne
798 3456 959 3526 admonet
977 3465 1013 3526 et
1034 3457 1196 3540 illustrat,
1215 3459 1297 3526 dum
1316 3459 1377 3526 alii
1404 3465 1541 3527 externe
1649 3488 1651 3497 r

223 3566 415 3634 doctrinam
439 3564 610 3653 evangelii
633 3562 848 3632 annuntiant.
866 3603 909 3615 —
930 3564 995 3632 Alii
1018 3567 1267 3633 incrementum
1288 3565 1454 3633 ecclesiae
1473 3585 1539 3632 nn·

224 3694 322 3740 mero
341 3669 496 3739 fidelium
517 3669 662 3761 exprimi
682 3675 819 3737 censent
836 3670 942 3738 verbo
961 3673 1190 3757 οἰκοδομουμένη
1214 3670 1309 3761 (Chr.
1326 3674 1411 3762 Lep.
1429 3670 1493 3740 Col
1530 3722 1538 3738 .

223 3778 315 3846 Brel.
330 3776 452 3859 Feltl3
472 3775 532 3844 sed
554 3776 636 3867 quia
653 3775 799 3844 verbum
818 3776 884 3843 hoc
901 3798 923 3844 a
940 3774 1045 3844 Paulo
1058 3782 1252 3845 constanter
1267 3778 1310 3846 de
1328 3778 1541 3846 incremento

224 3883 379 3974 pietatis,
403 3882 608 3966 sanctitatis,
625 3881 757 3950 virtutis
777 3880 961 3951 adhibetur
984 3881 1040 3972 (ci.
1065 3889 1082 3949 1
1108 3887 1182 3951 Cor.
1204 3890 1278 3969 8,1;
1304 3891 1421 3970 10,13;
1448 3891 1537 3967 ilat.

225 3998 279 4057 17.
305 3997 322 4057 1
350 3988 465 4056 Thess.
487 3988 580 4079 5,11)
606 4009 677 4055 non
703 3986 839 4071 videtur
865 3988 910 4055 ab
934 3988 999 4057 hac
1027 3990 1162 4058 notione
1189 3990 1435 4074 recedendum
1461 3989 1541 4057 dein

224 4104 410 4181 ἐπληθύνετο
432 4092 734 4186 multiplicabatur
747 4116 828 4161 voce
842 4094 918 4184 ipsa
935 4094 1001 4162 hoc
1018 4094 1265 4165 incrementum
1285 4104 1461 4165 externum
1480 4096 1540 4164 de-

224 4203 399 4289 signatur,
422 4199 564 4290 insuper
576 4200 688 4288 magis
704 4201 878 4282 convenit,
895 4206 934 4267 ut
952 4201 1017 4269 hoc
1031 4210 1253 4290 augmentum
1272 4204 1482 4294 exprimatur
1500 4225 1541 4271 ea

226 4314 326 4398 parte
347 4305 537 4376 sententiae
559 4310 733 4396 tamquam
753 4305 894 4397 propria
916 4306 953 4373 in
972 4307 1068 4390 sede,
1088 4331 1175 4376 neve
1193 4309 1425 4399 subiungatur
1444 4309 1542 4400 quasi

225 4414 360 4483 adiecta
393 4401 546 4479 conditio
582 4411 750 4502 quaedam
780 4412 825 4480 ad
853 4412 1003 4503 priorem
1019 4420 1151 4505 partem
1175 4414 1218 4483 de
1241 4439 1328 4507 pace
1352 4439 1392 4485 ac
1413 4417 1541 4508 pictate

218 4521 386 4589 fidelium.

266 4631 348 4696 Cum
374 4625 565 4717 persecutio
582 4623 727 4692 saeviret
745 4624 783 4693 in
801 4626 1001 4712 Ierusalem,
1018 4634 1135 4698 Petrus
1152 4653 1223 4698 non
1244 4631 1463 4722 relinquebat
1480 4655 1539 4700 ur·

220 4734 300 4802 bem
313 4731 417 4823 (8,1).
428 4724 526 4801 Nunc
539 4752 622 4822 pace
632 4753 790 4800 concessa
804 4732 901 4822 quasi
915 4734 984 4802 dux
994 4736 1188 4829 (στρατηγὲς)
1204 4738 1384 4825 circuibat,
1400 4737 1539 4808 ordines
