4010 5474
986 336 1241 428 scaram-ra.
1723 346 1783 407 ara

453 500 504 550 sah
519 499 538 551 ss
552 501 590 565 ph
605 498 631 552 c‘
650 501 709 552 137.
726 465 760 551 Iu
773 514 801 549 v.
815 497 847 549 21
865 497 921 549 add
935 495 973 546 ὃει
988 512 1019 565 με
1031 511 1131 554 παντως
1145 511 1191 560 την
1204 511 1292 562 topace
1307 511 1352 559 την
1367 512 1507 564 ερχομενην
1521 513 1623 563 ποιησαι
1638 515 1673 559 εις
1686 514 1783 567 upooo·

452 583 520 657 λυμα
533 589 645 641 DHLP
660 590 688 642 al
706 590 768 652 pler
783 590 829 637 cat
845 588 895 649 glg
914 585 1009 636 demid
1029 598 1076 648 syr
1095 586 1133 648 ph
1154 584 1213 637 Chr
1231 584 1327 657 Thph3
1350 586 1426 648 quod
1445 584 1562 636 Cassiod
1581 599 1693 651 quoque
1709 588 1785 639 lodt-

453 681 510 741 cat;
527 692 574 743 syr
586 679 624 742 ph
641 673 707 745 (mg)
725 674 775 725 137
789 688 834 722 rou
848 669 875 723 δε
890 669 986 723 cautae
1002 688 1084 723 ereren
1100 689 1126 722 εν
1139 689 1228 742 rosam,
1243 689 1317 734 αυτος
1328 671 1355 724 δε
1370 670 1483 739 carptae
1498 668 1573 737 ηλθεν
1586 688 1620 730 εις
1631 688 1783 742 accceperuu-

497 820 607 881 Unum
626 812 725 879 affert
749 817 854 880 Lucas
875 812 1073 902 exenrplum
1098 836 1167 903 quo
1187 813 1391 881 ostendatur
1415 832 1519 904 quam
1537 809 1680 877 mirifice
1695 810 1785 877 tacta

451 917 694 1008 responderint
712 919 932 1009 promissioni
952 919 1077 987 Christi
1092 942 1125 987 v.
1148 926 1181 987 9.
1202 927 1256 1004 10,
1273 919 1362 987 nihil
1376 920 1449 988 scil.
1468 919 1572 986 tuism
1590 915 1684 1007 quod
1697 921 1786 983 Pau-

451 1023 503 1092 lus
525 1025 592 1093 sibi
614 1025 750 1095 timeret
776 1025 966 1093 aludaeis.
995 1031 1090 1093 lutra
1117 1025 1207 1094 illud
1230 1031 1368 1117 tempus
1391 1021 1672 1094 commorationis
1690 1021 1785 1112 quod

451 1131 554 1199 modo
575 1155 608 1201 v.
637 1140 676 1201 11
703 1131 900 1200 enuntiavit
923 1132 959 1198 id
976 1122 1093 1198 evenit
1116 1132 1226 1221 (Patr.
1248 1131 1338 1200 Felt.
1357 1132 1410 1200 Bl.
1437 1130 1571 1221 Wendt)
1587 1153 1619 1197 v.
1642 1135 1682 1197 12
1699 1126 1783 1197 Gal-

452 1237 544 1306 lione
565 1251 682 1307 outcm
700 1235 905 1328 proconsule
926 1235 1094 1319 Achaiae,
1109 1236 1226 1306 lunius
1244 1240 1404 1305 Annaeus
1422 1236 1545 1320 Gallio,
1559 1238 1667 1305 trater
1681 1240 1782 1305 Sene·

451 1366 511 1412 cae
532 1342 749 1433 philosophi,
773 1346 875 1409 antea
896 1348 1037 1408 vocatus
1055 1348 1186 1409 Marcus
1199 1346 1361 1408 Annaeus
1374 1346 1538 1425 Novatus,
1553 1364 1631 1409 cum
1648 1365 1669 1409 a
1683 1342 1781 1411 lunio

452 1448 604 1516 Gallione
624 1447 807 1537 adoptatus
828 1453 931 1530 esset,
957 1447 1031 1515 eius
1054 1469 1181 1515 nonreu
1203 1448 1397 1539 assumpsit.
1418 1448 1564 1517 Romani
1583 1447 1782 1515 universam

451 1553 627 1622 Graeciam
643 1555 679 1621 in
697 1552 783 1623 duas
794 1554 992 1645 provincias
1008 1553 1261 1622 distribuerant
1281 1578 1289 1620 :
1312 1553 1544 1623 Macedoniam
1558 1559 1593 1621 et
1603 1553 1781 1620 Achaiam.

450 1660 580 1728 Achaia
597 1660 892 1751 complectebatur
913 1661 1093 1729 Graeciam
1116 1661 1260 1752 proprie
1286 1661 1414 1729 dictam
1441 1666 1476 1729 et
1495 1662 1779 1752 Peloponnesum.

451 1772 544 1847 Quae
565 1767 743 1857 provincia
768 1789 898 1856 magna
922 1768 1090 1835 varietate
1114 1767 1358 1836 administrata
1383 1773 1444 1837 est.
1469 1772 1555 1836 Nam
1571 1766 1684 1859 primo
1710 1771 1783 1835 erat

449 1873 630 1966 provincia
648 1873 834 1956 senatoria,
852 1873 953 1965 proin
969 1896 1034 1963 per
1047 1874 1271 1963 proconsules
1290 1874 1548 1957 administrata3
1569 1873 1705 1942 Tiberio
1718 1872 1782 1939 im-

450 1986 594 2070 perante
617 1981 709 2048 facta
731 1986 781 2048 est
802 1979 1049 2069 imperatoria,
1079 1978 1182 2069 proin
1212 1980 1387 2070 praesides
1407 1980 1463 2047 vel
1485 1984 1723 2069 procuratores
1746 1977 1785 2046 in

451 2106 527 2153 eam
555 2085 786 2153 mittebantur
817 2085 981 2172 (Tacitus,
1015 2090 1080 2152 An.
1108 2092 1187 2168 1,76
1219 2105 1227 2152 :
1254 2086 1345 2153 tradi
1370 2088 1504 2152 Caesari
1530 2083 1686 2174 placuit).
1713 2082 1783 2151 Sub

450 2189 590 2259 Claudio
603 2191 730 2258 iterum
749 2189 840 2258 facta
856 2196 908 2258 est
921 2191 1110 2269 senatoria;
1134 2212 1215 2260 uam
1238 2192 1466 2282 «provincias
1484 2190 1647 2259 Achaiam
1667 2195 1702 2257 et
1719 2192 1783 2256 hta·

450 2296 629 2365 cedoniam
656 2318 741 2387 quas
764 2296 919 2364 Tiberius
939 2296 986 2363 ad
1007 2319 1129 2365 curam
1153 2318 1253 2365 suam
1265 2296 1501 2383 transtulerat,
1515 2295 1650 2382 senatui
1666 2293 1782 2364 reddi-

450 2403 501 2472 dit
518 2431 534 2465 »
551 2403 763 2494 (Suetonius,
780 2402 899 2470 Claud.
922 2411 983 2485 253
1000 2404 1046 2470 cf.
1064 2405 1124 2471 Dio
1139 2407 1228 2472 Cass
1250 2405 1381 2496 6031).
1398 2408 1475 2473 Post
1490 2409 1635 2472 mortem
1649 2400 1783 2470 Claudii

450 2511 632 2578 universae
652 2509 801 2577 Achaiae
817 2509 1016 2577 libertatem
1035 2510 1203 2579 Domitius
1218 2515 1306 2577 Nero
1321 2508 1419 2578 dedit
1429 2512 1546 2600 sicque
1560 2509 1672 2576 denuo
1686 2530 1781 2576 sena·

451 2615 501 2682 tui
526 2620 577 2683 est
606 2616 769 2706 adempta
794 2615 968 2703 (risnel.
997 2621 1084 2683 Nero
1109 2622 1171 2699 ea;
1200 2616 1395 2683 Pausanias
1422 2615 1532 2705 7,1·1);
1556 2614 1782 2704 Vespasianus

450 2721 613 2790 Achaiam
637 2723 762 2789 iterum
789 2723 827 2788 in
853 2722 1055 2812 procinctae
1081 2724 1230 2790 formam
1254 2721 1389 2809 redegit
1419 2721 1526 2812 (Soet.
1552 2724 1649 2811 Vesp.
1670 2722 1716 2811 8).
1743 2725 1780 2788 ln

450 2832 546 2895 tanta
568 2828 676 2915 igitur
698 2828 866 2895 varietate
894 2828 1201 2896 administrationis
1226 2827 1368 2896 difficile
1397 2828 1513 2897 luisset
1541 2825 1702 2917 scriptori
1728 2849 1781 2895 se-
1816 2822 1818 2827 ’

450 2932 534 3000 riori
555 2931 757 3022 provinciae
777 2935 1013 3023 praepositum
1030 2939 1125 3001 recte
1144 2933 1338 3021 designare.
1362 2939 1466 3002 Lucas
1482 2942 1597 3002 antem
1614 2932 1680 3001 hac
1694 2955 1782 3023 quo·

450 3059 517 3126 que
536 3036 573 3104 in
594 3060 631 3106 re
652 3059 725 3105 sese
745 3038 891 3127 praebet
911 3039 1071 3129 apprime
1091 3038 1263 3106 edoctum.
1281 3038 1473 3107 Gallionem
1489 3044 1588 3107 vocat
1601 3042 1780 3119 ἀνθύπατον,

449 3145 710 3234 proconsulem;
736 3166 819 3212 nam
845 3145 909 3212 sub
933 3145 1076 3212 Claudio
1104 3144 1284 3234 provincia
1306 3145 1396 3213 laeta
1414 3151 1467 3214 est
1485 3144 1672 3225 senatoria3
1698 3142 1783 3212 dicit

449 3250 595 3318 Achaiae
622 3251 709 3339 (non
745 3251 927 3337 Ἑλλάέες),
963 3250 1051 3317 sicut
1079 3272 1119 3317 eo
1152 3257 1308 3341 tempore
1333 3256 1405 3320 tota
1427 3251 1488 3320 illa
1510 3273 1590 3343 pars
1620 3249 1781 3320 Graeciae

449 3356 598 3423 Achaiae
612 3356 753 3424 nomine
768 3356 1144 3445 comprehendebatur.

494 3465 619 3530 lterum
648 3461 765 3531 ludaei
796 3470 937 3529 movent
961 3464 1255 3552 persecutionem
1281 3464 1542 3531 insurrexerunt
1565 3485 1634 3531 reno
1663 3463 1779 3530 arrimo

448 3566 570 3636 ludaei
594 3567 629 3634 ia
657 3567 805 3636 Paulum
831 3580 864 3635 cl
890 3568 1114 3635 adduxeruut
1139 3592 1216 3636 earu
1243 3568 1292 3636 ad
1314 3568 1469 3636 tribunal
1488 3593 1521 3638 v.
1545 3577 1584 3637 13
1602 3567 1778 3638 dicentes:

448 3674 533 3764 qaia
558 3687 677 3742 cortou
702 3673 810 3763 lcpcm
830 3675 888 3741 lrie
901 3673 1092 3764 persuadet
1114 3674 1314 3742 leoneinr'las
1328 3675 1437 3743 colere
1451 3679 1559 3744 Deum
1575 3698 1588 3743 .·
1601 3675 1705 3744 variis
1718 3676 1779 3743 de·

448 3781 550 3848 cretis
572 3801 767 3848 concessum
790 3786 865 3848 erat
891 3781 1022 3848 ludricis
1038 3781 1230 3848 sectandum
1251 3803 1349 3849 suam
1364 3783 1477 3869 legem
1499 3781 1614 3850 vivere
1631 3788 1665 3849 et
1683 3802 1780 3849 sacra

447 3886 638 3967 celebrare;
668 3888 764 3954 varia
795 3908 837 3954 ea
862 3886 906 3954 de
934 3910 970 3953 rc
1003 3893 1134 3953 statuta
1159 3893 1195 3953 et
1220 3887 1360 3955 decreta
1387 3887 1493 3955 retcrt
1515 3886 1677 3978 Iosephus
1702 3886 1781 3977 (An-

450 3993 510 4083 tiq.
533 3992 667 4081 tt,10);
689 3994 738 4059 ita
761 3992 785 4058 1.
806 4017 836 4059 c.
861 4016 895 4060 n.
920 4002 941 4060 8
962 4021 978 4053 «
999 3993 1099 4059 Caius
1121 3996 1341 4060 Caesareum
1360 3993 1473 4061 edicto
1492 3993 1726 4062 vetaretullas
1747 3994 1783 4060 iu

448 4098 535 4166 urbe
555 4097 722 4166 coitiones
746 4100 893 4187 (θιάσευς)
918 4099 1058 4183 haberi,
1084 4099 1195 4167 solum
1219 4099 1306 4167 istac
1332 4097 1566 4190 (Iudaeorum)
1590 4121 1635 4167 ne
1661 4100 1784 4167 tierent
1808 4103 1816 4117 '

448 4224 517 4271 non
540 4203 732 4288 interdixit3
764 4205 923 4271 similiter
954 4212 988 4271 ct
1013 4227 1079 4290 ego
1105 4205 1221 4293 (Caius
1242 4204 1366 4288 lulius,
1390 4210 1543 4295 praetor,
1568 4204 1692 4273 consul
1717 4208 1782 4272 lto·

447 4312 643 4399 manorum)
663 4310 750 4379 alias
772 4311 939 4377 coitiones
959 4310 1153 4400 prohibens
1177 4310 1248 4379 illis
1266 4311 1349 4378 solis
1368 4312 1530 4400 permitto
1541 4310 1662 4401 patriis
1676 4310 1780 4377 mori·

448 4414 512 4484 bus
536 4424 571 4484 et
588 4418 753 4486 institutis
775 4418 982 4505 congregari
1008 4423 1043 4483 et
1062 4417 1099 4483 in
1115 4439 1155 4484 eo
1180 4417 1363 4507 persistere
1382 4445 1414 4484 r.
1434 4420 1516 4485 Cum
1529 4418 1647 4508 itaque
1662 4414 1781 4485 ludaei

446 4521 512 4612 ipsi
532 4523 675 4591 Paulum
698 4526 784 4591 urbe
802 4523 934 4614 pellere
961 4545 1031 4590 non
1053 4527 1209 4615 possent,
1228 4523 1265 4590 id
1286 4524 1416 4593 tactum
1437 4523 1482 4591 iri
1506 4522 1693 4614 sperabant
1716 4544 1779 4613 per

449 4629 687 4717 magistratum
706 4652 901 4713 romanum,
923 4629 951 4697 si
972 4628 1120 4698 Paulum
1142 4630 1320 4699 deterrent
1344 4630 1547 4699 violatorem
1570 4628 1775 4718 legisillius,

448 4734 637 4804 secundum
658 4760 762 4827 quom
790 4737 858 4805 sibi
880 4738 994 4805 rivere
1012 4737 1133 4805 liceret
1152 4737 1373 4806 concessione
1393 4741 1634 4806 Romanorum.
1654 4741 1777 4804 Verum
