4054 5442
263 328 325 389 898
799 341 868 388 ror.
891 324 1049 398 3131-18.

264 474 344 552 luit;
368 495 447 540 cum
464 472 558 542 enirn
577 473 767 542 adversarii
783 474 919 543 nullum
939 474 1100 541 idoneum
1117 471 1289 539 dictorum
1305 490 1448 536 suorum
1464 474 1585 539 testem

112 612 137 639 r.
263 579 488 664 adducerent,
511 579 564 648 ius
584 585 659 648 erat
678 579 831 670 apostole
851 579 923 646 sola
942 580 1125 667 negatione
1143 599 1179 646 se
1199 597 1368 668 purgare3
1392 575 1516 643 actoris
1535 581 1583 642 est

262 686 430 778 probare;
455 687 607 779 probare
630 685 722 753 dicta
743 684 789 751 ad
811 690 1021 782 accusatores
1043 681 1256 774 pertinebat;
1283 683 1379 751 Pauli
1403 703 1485 750 vero
1511 688 1583 749 erat

263 794 405 877 illerum
420 792 632 881 argumentis
646 787 854 878 respondere
870 816 886 850 »
903 788 984 877 (Gal
1022 789 1060 877 .).

307 905 423 990 Neque
436 905 553 965 tamen
568 896 679 962 solum
693 898 800 980 negat
813 893 1063 974 accusationes,
1081 892 1142 961 sed
1160 914 1202 960 ea
1221 893 1351 983 profert
1369 893 1497 983 quibus
1518 894 1584 962 cri·

262 1006 359 1075 mina
366 1001 653 1082 exeluduntur;v.
664 1005 704 1068 16
714 998 1070 1090 confiteerautemlsoc
1082 997 1148 1066 tibi
1153 996 1252 1090 quod
1257 996 1446 1066 acciendum
1455 1011 1583 1067 sectam

265 1131 370 1202 quam
385 1106 506 1174 dicunt
525 1103 692 1173 tamesim
703 1108 779 1175 κατὰ
794 1112 929 1190 tertiis
944 1111 1026 1192 333
1039 1106 1230 1174 secundum
1246 1105 1337 1171 viam
1355 1103 1428 1173 scil.
1444 1105 1584 1191 religio·

264 1217 317 1283 nis
331 1218 365 1281 et
384 1212 497 1286 cultus
513 1211 597 1303 (93)
619 1233 725 1303 quam
745 1211 782 1280 hi
800 1211 987 1294 haeresim,
1012 1218 1158 1296 sectam,
1175 1209 1363 1279 factionem
1382 1208 1520 1293 dicunt,
1534 1210 1584 1277 sie

265 1317 418 1387 deservio
433 1317 534 1387 Patri
546 1320 752 1403 6111666666,
765 1329 807 1407 τῷ
821 1321 949 1406 πατρῴῳ
964 1319 1035 1405 Θεῷ
1049 1318 1073 1383 i.
1091 1339 1121 1384 e.
1140 1321 1207 1385 neo
1217 1322 1358 1407 patrum
1371 1322 1581 1394 nostrorum3

264 1425 331 1514 sic,
349 1426 427 1517 ipsa
440 1418 519 1493 mea
533 1423 604 1492 vita
616 1428 651 1492 et
673 1422 839 1510 religione
853 1421 930 1490 colo
946 1426 1050 1489 [teum
1069 1422 1238 1511 petrium,
1251 1426 1358 1491 Deum
1382 1430 1541 1491 nostrum
1564 1446 1585 1490 a

265 1531 455 1601 maioribus
469 1530 667 1607 adoratum3
684 1527 783 1618 proin
806 1527 903 1595 nulla
924 1526 1057 1595 ratione
1074 1549 1110 1595 se
1132 1548 1204 1595 esse
1223 1527 1433 1597 desertorem
1453 1531 1584 1620 patriae

263 1637 446 1727 religionis
471 1639 642 1703 asseverat
662 1654 740 1703 cum
762 1632 934 1725 emphasi,
960 1632 1100 1701 crederes
1125 1632 1284 1702 omnibus
1304 1634 1446 1725 quaein
1467 1634 1586 1725 leqeet
1726 1631 1733 1643 '

260 1742 439 1835 prophetis
462 1740 593 1831 scripta
607 1750 699 1825 6661,
722 1762 754 1808 v.
778 1746 819 1808 15
839 1760 934 1830 spem
952 1738 1079 1807 liabens
1095 1738 1134 1807 ira
1148 1742 1258 1808 Deum
1277 1761 1382 1831 quam
1403 1751 1437 1808 et
1458 1738 1498 1807 lai
1517 1739 1586 1829 ipsi

262 1859 477 1940 exspectant,
494 1844 775 1914 resurrectionem
792 1845 949 1937 staterum
972 1845 1140 1913 iustorum
1158 1859 1191 1914 et
1214 1845 1437 1937 iniquomm
1450 1845 1584 1914 duobus

211 1956 215 1961 ’
262 1952 455 2047 participiis
468 1952 664 2021 declaratur
680 1950 769 2020 illud
784 1950 855 2038 sic;
872 1951 955 2042 quia
973 1951 1176 2020 resurrectio
1196 1950 1234 2020 in
1247 1951 1428 2043 prophetis
1441 1951 1585 2019 docetur

264 2062 326 2153 (cf,
341 2065 383 2129 ls.
401 2064 687 2142 3638116373
712 2079 784 2149 seq.
807 2062 890 2126 Dan.
915 2057 1008 2146 133)
1026 2063 1058 2126 61
1080 2080 1102 2127 6
1123 2056 1297 2148 plerisque
1307 2056 1449 2126 ludaeis
1466 2057 1585 2125 crede-

262 2168 379 2250 batur,
394 2171 529 2257 poterat
550 2163 728 2256 apostolus
745 2163 791 2232 ad
808 2169 1003 2255 praesentes
1017 2162 1158 2232 ludaeos
1176 2184 1383 2254 provocare,
1407 2163 1470 2231 etsi
1496 2165 1585 2231 inter

263 2273 406 2341 ludaeos
429 2271 635 2361 sueritpars
652 2269 826 2360 quaedam
849 2273 884 2338 et
902 2271 1007 2338 factio
1027 2291 1103 2338 earn
1129 2269 1346 2357 negantium.
1372 2275 1585 2337 Murenstrat

262 2379 381 2468 itaque
393 2375 569 2467 apostolus
583 2374 686 2445 modo
699 2397 764 2467 pro
780 2375 936 2465 praeside
949 2380 1180 2444 consentaneo
1194 2381 1229 2443 et
1239 2380 1322 2465 apto
1338 2396 1374 2443 se
1388 2375 1585 2442 nullatenus

263 2505 335 2553 esse
352 2483 539 2552 alienuma
556 2480 724 2570 religione
743 2468 873 2572 patria3
890 2480 1037 2572 proinde
1050 2502 1087 2549 se
1112 2503 1183 2549 non
1204 2502 1276 2549 esse
1297 2480 1394 2572 quod
1415 2479 1585 2548 Tertullus

261 2589 477 2658 indicaverat
490 2586 615 2656 ducem
630 2593 664 2656 et
676 2586 935 2675 antisignanum
948 2587 1110 2656 factionis
1130 2586 1292 2674 religioni
1306 2586 1451 2655 hostilis.
1468 2590 1508 2655 Et
1520 2587 1585 2655 hae

264 2695 433 2784 relign’one
447 2698 483 2761 ct
500 2693 570 2762 fide
587 2714 623 2761 ae
637 2714 757 2762 revera
771 2692 807 2761 in
821 2692 911 2761 ritae
925 2693 1056 2762 ratione
1069 2692 1177 2781 dirigi
1195 2693 1347 2762 altirmat
1361 2717 1395 2765 v.
1417 2700 1458 2762 16
1471 2692 1509 2760 in
1522 2691 1584 2760 lroc

261 2801 300 2868 in
315 2822 356 2868 eo
369 2799 443 2868 scil.
461 2803 551 2867 statu
568 2797 693 2867 mentis
710 2798 930 2880 constitutus,
947 2797 1004 2869 vel
1025 2808 1062 2866 ut
1079 2797 1141 2867 alii
1164 2799 1340 2889 explicant
1369 2821 1378 2868 ε
1401 2805 1584 2889 propterea

263 2907 324 2996 (61.
341 2903 432 2974 Beet.
447 2907 543 2973 Patr.
555 2903 643 2972 Felt.
665 2903 800 2990 Werrdt,
816 2903 886 2993 111.)
900 2917 934 2972 et
948 2904 1020 2996 ipse
1031 2903 1151 2973 studeo
1167 2909 1248 2975 ἀσκῶ
1258 2905 1398 2988 laboro,
1416 2926 1473 2972 me
1489 2927 1584 2972 eser-

261 3035 323 3081 666
332 3010 409 3080 sine
419 3008 630 3101 offendiculo
644 3008 888 3079 eoraseicnticm
901 3007 1024 3078 habere
1034 3008 1084 3079 od
1100 3012 1208 3078 Deum
1221 3021 1255 3080 et
1271 3008 1321 3078 ad
1328 3009 1481 3079 66611666
1496 3031 1584 3078 sem-

259 3141 336 3210 per,
352 3116 594 3186 conscientiam
611 3116 744 3185 habere
758 3120 945 3205 inspirasses
952 3137 1042 3207 quae
1055 3115 1129 3184 scil.
1140 3115 1238 3184 nulla
1252 3115 1357 3208 eulpa
1366 3116 1434 3184 sibi
1449 3116 1582 3184 conscia

263 3223 494 3316 percutiatur3
514 3221 563 3291 ita
573 3221 750 3291 contendit
767 3223 901 3303 vivere,
917 3230 955 3290 ut
972 3230 1007 3290 et
1025 3221 1119 3312 apud
1141 3220 1298 3291 homines
1325 3243 1506 3313 nunquam
1528 3245 1584 3291 ar-

263 3336 393 3420 guatur
407 3327 616 3397 offensionis.

309 3440 381 3504 lam
399 3436 523 3503 transit
535 3434 579 3502 ad
594 3432 682 3501 illud
699 3432 923 3523 particulare,
944 3433 1037 3524 quod
1051 3433 1244 3524 captivitati
1261 3434 1336 3502 eius
1350 3456 1468 3503 ansam
1489 3435 1584 3503 dedit

263 3547 297 3612 et
315 3541 411 3633 quod
424 3540 593 3610 Tertullus
604 3538 747 3631 speciali
768 3539 924 3609 modain
946 3562 979 3607 v.
1001 3546 1022 3607 6
1040 3539 1169 3628 tetigit3
1184 3562 1274 3632 quae
1292 3540 1469 3628 adiungit,
1485 3564 1584 3631 prae·

263 3656 357 3717 terea
367 3645 469 3715 valde
485 3646 611 3715 idonea
628 3651 707 3715 sunt
720 3645 765 3715 ad
778 3667 876 3715 suam
888 3666 1025 3715 cauum
1039 3647 1178 3736 penitus
1192 3646 1467 3734 cognoscendam
1482 3670 1515 3715 v.
1544 3654 1582 3714 17

258 3767 339 3848 post
352 3775 462 3822 encres
483 3764 597 3821 autem
616 3750 736 3843 plures
750 3751 809 3843 (ci.
832 3753 949 3842 1833)
969 3749 1202 3842 eleemosynas
1215 3753 1376 3842 facturus
1395 3751 1432 3821 ira
1447 3764 1584 3843 perirem

263 3883 376 3929 terrem
398 3860 479 3927 reni
493 3870 527 3927 et
544 3857 732 3927 oblationes
752 3857 800 3949 (61
818 3859 922 3947 aeto),
945 3879 1057 3949 neque
1077 3859 1141 3946 gig
1158 3858 1322 3927 habetet
1348 3865 1445 3939 vota3
1466 3882 1507 3927 en
1528 3859 1583 3926 hic

262 3965 421 4058 explicite
435 3966 597 4035 statuitur
612 3963 716 4034 ctiam
736 3963 798 4033 illa
811 3963 900 4034 ratio
917 3963 1050 4034 itineris
1061 3986 1165 4056 quam
1184 3966 1360 4058 apostolus
1379 3966 1415 4034 in
1435 3965 1585 4057 epistolis

261 4073 332 4142 suis
345 4070 482 4162 saepius
500 4073 614 4160 tangit
635 4073 747 4161 (Rom.
768 4077 881 4152 1635.
899 4076 916 4138 1
934 4074 1012 4139 Cor.
1036 4078 1127 4154 16,1.
1144 4077 1166 4139 3
1182 4075 1259 4140 Cor.
1275 4072 1390 4160 9,16);
1407 4094 1516 4164 quare
1532 4076 1584 4139 al-

263 4180 422 4248 firmatur
439 4176 477 4245 id
501 4176 596 4268 quod
627 4176 751 4246 Weiss.
784 4175 910 4246 Wendt
940 4177 1008 4245 iam
1038 4176 1132 4269 prius
1166 4176 1327 4247 debuisse
1351 4177 1421 4245 dici
1443 4179 1581 4255 volunt,

262 4285 361 4377 quasi
379 4284 543 4375 prudenti
568 4282 689 4351 lectori
711 4303 780 4352 non
797 4283 953 4352 sulficere
971 4281 1098 4353 debeat
1117 4283 1155 4351 id
1178 4282 1285 4354 semel
1305 4283 1464 4352 indicari.
1486 4282 1585 4350 Obla-

264 4392 374 4460 tiones
385 4390 469 4460 dicit
482 4387 650 4458 sacrificia
667 4389 879 4458 nasiraeatus
891 4390 1052 4481 completi
1068 4412 1132 4480 pro
1146 4391 1275 4480 quibus
1289 4388 1462 4480 impendit
1479 4412 1585 4479 pecu·

214 4542 218 4551 ·
265 4499 361 4567 niam
376 4499 505 4589 (3136.
524 4496 581 4585 36)
608 4518 641 4565 v.
666 4500 708 4565 18
729 4492 768 4562 in
790 4493 914 4585 qur'ius
936 4503 968 4565 ts
992 4497 1041 4578 αἷς
1065 4496 1291 4587 (προσφοραῖς),
1306 4494 1390 4563 dum
1406 4495 1492 4564 haec
1507 4495 1582 4565 scil.
1604 4484 1609 4491 ¹

151 4674 162 4690 ‚
266 4603 389 4673 fierent
405 4602 593 4687 sacrificia,
610 4603 875 4671 inveneruntme
882 4602 1109 4694 purificatum
1125 4602 1273 4692 (3136),
1297 4601 1402 4695 proin
1421 4603 1585 4671 sanctita·

266 4718 337 4778 tem
360 4710 483 4801 templi
511 4709 713 4794 reveritum,
729 4708 927 4778 nullatenus
948 4707 1152 4792 violantem,
1174 4709 1211 4778 in
1240 4709 1381 4801 tempto,
1410 4731 1482 4777 non
1507 4730 1582 4777 crem
