4054 5442
1033 344 1101 388 ner.
1124 328 1207 397 26,i.
1534 342 1536 346 '
1720 340 1779 400 413

455 483 595 535 Dominus
615 487 711 535 autem
735 482 828 533 dixit:
850 480 911 543 tego
925 492 988 530 sum
1002 479 1094 539 iesus,
1134 474 1185 546 είμι
1225 474 1321 544 Ἰησοῦς
1360 479 1389 529 θν
1428 478 1458 531 σίν
1494 480 1600 545 διώκεις.
1639 488 1680 539 ic.
1712 484 1780 540 ἀλλὰ

454 585 538 638 quem
560 577 591 624 tu
608 570 798 637 persequeris.
818 567 859 619 ie.
883 567 939 618 Sed
958 579 1094 632 exsurge,
1133 562 1268 632 ἀνάστηθι,
1298 563 1340 617 καί
1366 566 1439 630 στῆθι
1466 566 1507 621 ἐπί
1533 570 1590 633 τοὺς
1618 574 1696 636 πόδας
1722 593 1777 628 eeu·

452 666 481 712 et
502 666 547 713 stc
569 671 653 723 super
671 656 760 722 pedes
780 662 864 706 tuos:
886 655 922 706 ad
943 655 997 707 hoe
1020 657 1096 707 enirn
1133 651 1166 714 τίς
1185 658 1258 708 τοῦτο
1276 654 1325 726 γὰρ
1342 655 1428 725 ὤρθπν
1447 673 1502 720 σοι,
1522 661 1733 731 προχειρίσασθαί
1750 683 1777 717 ας

452 748 570 814 apparui
585 746 649 805 sibl,
665 750 698 795 ut
714 745 883 796 constituam
898 746 925 797 te
938 746 1095 796 ministrum
1131 741 1252 813 ὑπηρέτην
1278 744 1320 795 ταί
1344 744 1455 815 μάρτυρα
1477 740 1515 797 ὧν
1540 763 1567 798 τι
1597 743 1662 809 siet<
1687 768 1718 819 με
1741 749 1778 803 ὧν

451 842 480 888 et
502 837 603 886 testem
622 845 721 885 eorum
735 845 808 898 quae
826 834 937 895 vidisti,
953 834 1093 885 eteorum
1132 848 1160 883 τε
1186 830 1328 902 ὀφθήσομαί
1356 851 1408 902 σοι,
1433 836 1473 887 17.
1494 832 1667 905 ἐξαιρούμενός
1690 853 1717 888 σι
1750 836 1778 890 ία

450 922 554 988 quibus
569 922 712 987 apparebo
724 922 789 985 tibi,
808 921 850 973 it.
866 921 997 987 Eripiens
1016 922 1044 973 tc
1059 920 1094 972 de
1130 921 1175 971 τοθ
1202 919 1266 972 λαοῦ
1295 920 1337 972 καί
1359 919 1386 972 is
1413 925 1462 975 τῶν
1490 920 1579 983 ίθνῶν,
1600 920 1635 985 τίς
1656 924 1700 986 οθς
1723 923 1776 991 tyb

442 1011 565 1075 popule,
590 1015 619 1063 et
643 1011 776 1079 gentum
797 1012 827 1062 in
844 1023 917 1077 quas
939 1022 1015 1061 nune
1039 1021 1094 1074 ego
1130 1005 1278 1061 ἀποστίλλω
1305 1026 1347 1078 σε,
1369 1011 1411 1065 ιθ.
1437 1006 1536 1072 ἀνοῖξαι
1557 1009 1705 1082 θρθαλμοίνς
1729 1011 1776 1064 αὑ-

449 1101 531 1152 mitto
549 1104 592 1164 te,
610 1101 653 1152 ¹8.
670 1101 790 1165 Aperite
811 1099 910 1151 ocules
930 1109 1046 1160 eorum,
1062 1103 1093 1149 ut
1129 1100 1190 1164 τῶν,
1218 1099 1262 1149 τοῦ
1290 1095 1426 1168 tancredici
1455 1095 1505 1151 ἀπὸ
1537 1099 1640 1161 σκότους
1666 1097 1700 1162 τίς
1726 1105 1776 1171 φῶς

449 1191 678 1242 convertantura
696 1188 822 1240 tenebris
840 1186 875 1237 ad
893 1185 1001 1248 lucem,
1016 1185 1092 1238 etde
1129 1184 1171 1237 καί
1196 1188 1240 1251 τῆς
1262 1182 1369 1247 ἔξουσίας
1390 1189 1435 1239 τοῦ
1456 1184 1559 1240 Σατανᾶ
1576 1186 1617 1242 ίπλ
1635 1186 1680 1242 τόν
1698 1187 1772 1254 θοόν,

448 1280 587 1344 potestate
620 1279 739 1329 satanae
763 1275 800 1326 ad
828 1275 933 1337 Deum,
958 1275 990 1326 ut
1017 1277 1092 1326 acci·
1128 1276 1173 1326 τοῦ
1204 1273 1291 1327 λαόείν
1323 1271 1409 1334 atreb:
1439 1274 1524 1345 ἄροσιν
1557 1274 1695 1347 ἁμαρτιῶν,
1729 1278 1772 1333 καί

447 1367 529 1430 piant
547 1366 743 1417 remissionem
767 1367 961 1428 pcccatorum,
982 1367 1011 1415 et
1029 1376 1093 1415 sor·
1128 1360 1221 1433 κλῆρον
1249 1361 1275 1417 ts
1302 1365 1355 1425 τοῖς
1376 1361 1536 1434 ἡγταομίνοις
1567 1365 1648 1419 πίστει
1676 1369 1709 1438 τῇ
1737 1356 1772 1429 είς

448 1458 505 1505 tem
524 1455 598 1505 inter
618 1457 747 1514 sanctos,
769 1465 820 1518 per
843 1450 927 1504 iidem
950 1464 1024 1518 quae
1047 1456 1092 1503 est
1128 1449 1181 1521 ίμί.

447 1543 477 1593 ίιι
491 1555 545 1594 me.
1167 1543 1208 1594 ie.
1228 1538 1315 1605 Ὅθεν,
1343 1539 1445 1611 βασιλεῦ
1474 1538 1608 1613 Ἀγρίππα,
1637 1541 1683 1594 οὖα
1714 1541 1774 1606 ἐγι-

486 1631 526 1682 ia.
545 1630 640 1693 Unde,
656 1644 707 1683 rex
722 1632 856 1696 Agrippa,
873 1642 930 1681 nen
944 1630 984 1682 tui
998 1632 1091 1682 incre·
1127 1628 1207 1697 νόμην
1239 1626 1339 1694 ίαοιθὴς
1370 1634 1403 1701 τῇ
1433 1627 1541 1703 οὐρανίῳ
1572 1628 1692 1703 ὀπτασίᾳ,
1726 1633 1770 1686 20.

446 1719 530 1772 dulus
550 1720 667 1772 coelesti
690 1721 806 1781 visioni;
828 1719 872 1770 ao.
895 1719 952 1772 Sed
971 1721 1016 1771 nis
1041 1721 1090 1786 qui
1127 1714 1195 1769 ἀλλὰ
1227 1719 1281 1780 τοῖς
1313 1716 1340 1769 ίν
1373 1718 1499 1790 Δαμασκῷ
1529 1720 1629 1789 πρῶτον
1663 1738 1690 1774 τι
1728 1719 1773 1772 τισί

445 1813 512 1859 sunt
531 1809 664 1859 Damasei
685 1810 821 1872 primum,
845 1809 873 1858 et
893 1806 1087 1872 ierosolymis,
1130 1802 1324 1877 Ἱεροσολύμοις,
1353 1806 1434 1860 πᾶσαν
1466 1825 1492 1860 τε
1529 1803 1575 1873 τήν
1608 1808 1696 1878 χώραν
1729 1810 1773 1873 τῆς

445 1896 517 1948 etin
536 1886 648 1948 emnem
667 1897 813 1961 regionem
829 1895 964 1958 iudaeae,
980 1901 1089 1962 etgen·
1128 1891 1263 1965 Ἰουδαίας,
1301 1895 1345 1948 τισί
1388 1897 1442 1958 τοῖς
1490 1894 1596 1966 ίθνισιν,
1635 1893 1770 1968 ἀπήγγελ-

445 1984 534 2049 nnus,
573 1985 777 2037 annuntiabam
813 1986 845 2036 ut
885 1987 1089 2050 poenitentiam
1124 1982 1170 2036 λον
1212 1986 1344 2055 μετανοεῖν
1380 1984 1423 2037 καί
1462 1983 1614 2056 ίπιστρίφιιν
1650 1982 1690 2040 isti
1726 1985 1770 2039 τόν

444 2077 577 2137 agerent,
603 2076 633 2125 et
658 2075 891 2126 converterentur
917 2073 955 2126 ad
979 2075 1085 2137 Deum,
1124 2070 1203 2139 θιθν,
1239 2071 1295 2133 ἄξια
1332 2074 1377 2137 τῆς
1421 2071 1553 2142 μετανοίας
1589 2071 1653 2144 ίρρα
1689 2073 1771 2143 πρόσ-

443 2159 530 2226 digna
548 2162 739 2226 poenitentiae
762 2174 850 2226 opera
870 2161 1016 2215 iacientes.
1041 2162 1085 2214 ti.
1124 2177 1222 2221 σοντας.
1255 2163 1298 2214 ii.
1335 2160 1409 2213 ίνεια
1444 2158 1540 2214 τοίτων
1578 2179 1609 2232 με
1651 2159 1771 2214 Ἰουδαῖοι

444 2248 504 2301 Ηασ
526 2262 562 2300 cx
582 2262 669 2302 causa
686 2262 732 2302 me
754 2249 865 2313 iudaei,
885 2263 972 2316 quum
994 2263 1085 2303 essem
1123 2246 1306 2319 σελλαθόμινοι
1350 2246 1378 2301 ίν
1428 2252 1466 2320 τῷ
1520 2246 1580 2321 ispe
1630 2246 1769 2320 ἐπειρῶντο

442 2340 472 2388 in
488 2337 608 2403 tempto,
624 2340 858 2404 comprehensum
877 2339 1023 2391 tentabant
1041 2340 1085 2391 in·
1122 2336 1326 2412 διαχειρίσασθαι.
1361 2340 1406 2393 tt.
1443 2335 1580 2408 ίπιαουρίας
1604 2332 1651 2391 οὖν
1682 2337 1769 2412 τυχίαν

443 2424 641 2479 reticerem.
663 2428 775 2479 Auxilio
793 2432 887 2479 autern
906 2427 1085 2481 adiutusDei
1122 2429 1166 2493 τῆς
1209 2423 1258 2480 ast
1299 2428 1343 2479 τοθ
1382 2425 1460 2492 θεοθ,
1493 2423 1555 2497 typi
1591 2428 1636 2492 τῆς
1676 2424 1770 2497 θμίρας

442 2515 574 2579 usquein
588 2515 756 2568 hodiernum
770 2516 845 2568 diem
859 2522 914 2578 sto,
931 2515 1085 2569 testificans
1121 2513 1211 2580 ταότςς
1255 2514 1361 2583 ternu,
1399 2513 1583 2585 μαρτυρόμενος
1625 2519 1708 2586 μιαρῷ
1741 2533 1768 2568 τε

442 2604 544 2655 minori
561 2605 646 2668 atque
666 2604 781 2665 maiori,
801 2604 872 2654 ninii
893 2606 973 2656 extra
987 2604 1084 2658 dicens
1121 2601 1163 2656 ani
1200 2600 1317 2673 μεγάλιρ,
1351 2599 1422 2655 nidis
1455 2600 1524 2664 ίατίνς
1556 2601 1639 2673 λόγων
1669 2598 1707 2654 ὧν
1741 2621 1767 2655 τι

441 2703 526 2756 quam
544 2704 580 2744 ea
595 2704 670 2757 quae
686 2694 842 2758 prophetae
855 2693 941 2744 locuti
962 2699 1029 2745 sunt
1042 2693 1084 2746 ίιι·
1120 2689 1145 2744 ei
1171 2693 1296 2762 προφῆται
1322 2687 1448 2758 ίλάλπσαν
1475 2688 1622 2762 μελλόντων
1654 2690 1768 2762 γίνεσθαι

440 2786 504 2831 tura
520 2792 598 2843 esse,
621 2783 650 2834 et
670 2780 795 2846 Moyses,
819 2780 1084 2846 resipiscimus
1120 2779 1163 2832 καί
1187 2780 1310 2845 Μωυσῆς,
1343 2782 1390 2837 23,
1422 2777 1445 2832 εί
1471 2778 1583 2847 παθητὸς
1609 2778 1625 2831 ό
1647 2778 1765 2850 Χριστός,

441 2867 584 2930 Christus,
617 2870 642 2920 si
675 2871 782 2935 primns
813 2883 849 2922 ex
878 2873 1083 2924 resurrectione
1120 2864 1143 2920 εί
1184 2872 1279 2939 πρῶτος
1322 2865 1347 2929 it
1385 2865 1544 2930 ἂναστοίοτως
1578 2872 1674 2939 ντιριθν
1714 2872 1767 2938 φῶς

440 2965 630 3017 mertuorum,
662 2958 758 3009 iumen
790 2959 1008 3012 annuntiaturus
1040 2966 1083 3012 est
1120 2954 1208 3028 μιλλει
1235 2954 1414 3027 ιττσργίλλιιν
1440 2960 1477 3028 τῷ
1507 2974 1535 3010 τι
1558 2953 1615 3027 λεῷ
1640 2955 1685 3009 ταί
1708 2957 1764 3018 τοῖς

440 3045 545 3111 popule
559 3050 589 3097 et
602 3046 746 3110 gentibus.
1119 3042 1227 3099 ίθνεσιν.

476 3229 509 3281 in
528 3244 556 3282 ν.
582 3232 591 3282 i
615 3231 670 3283 add
689 3232 727 3296 pir
749 3229 813 3299 (mg)
834 3235 901 3285 tunc
923 3233 1031 3285 Penius
1048 3232 1193 3285 considens
1208 3236 1236 3285 et
1257 3235 1286 3284 in
1306 3233 1405 3297 spiritu
1421 3238 1521 3285 sancte
1539 3210 1763 3285 co‘nsoiaiionem

332 3342 336 3347 ·
438 3319 581 3387 accipiens
592 3319 718 3372 extendit
732 3333 855 3373 manum.
872 3320 905 3372 in
920 3335 948 3373 ν.
964 3321 980 3372 θ
993 3321 1048 3373 add
1068 3325 1132 3386 post
1149 3320 1300 3389 ίςτπματων
1314 3335 1472 3389 ιπιστσμενος
1485 3320 1580 3377 usic
1592 3333 1640 3372 mu
1654 3322 1763 3372 minusc

437 3421 501 3472 syn
518 3413 617 3460 eatena
637 3405 747 3477 μαλιστα
761 3424 932 3477 επισταμινος.
948 3411 981 3461 in
995 3423 1023 3461 r.
1047 3410 1077 3461 ιθ
1099 3411 1159 3469 ιιθις
1177 3426 1207 3478 με
1226 3411 1247 3462 Β
1268 3423 1339 3473 pauc
1355 3410 1464 3460 minusc
1482 3422 1530 3473 syr
1548 3409 1586 3475 pn
1608 3421 1669 3461 arm
1689 3409 1762 3461 Ami)

439 3497 518 3561 λαμ
532 3495 582 3548 sed
599 3497 660 3562 pter
673 3509 730 3548 om.
747 3497 780 3548 in
795 3512 822 3550 r.
840 3498 875 3549 ίθ
889 3513 972 3549 τασαν
987 3500 1049 3549 sine
1068 3514 1102 3557 τις
1114 3499 1194 3555 rtnB
1209 3498 1263 3561 ici;
1277 3499 1305 3549 al
1319 3497 1432 3549 addunt.
1449 3497 1481 3548 in
1497 3511 1525 3548 r.
1546 3497 1577 3548 at
1598 3512 1661 3548 οντα
1680 3513 1707 3548 ιν
1726 3513 1763 3547 τω

437 3599 495 3651 ιερω
510 3586 555 3640 u·e
568 3585 590 3636 E
605 3598 654 3637 mu
669 3588 778 3639 minusc
791 3591 836 3639 eat
850 3588 901 3652 gig
914 3587 995 3652 ναίω
1012 3587 1062 3639 sed
1077 3587 1138 3652 pier
1152 3598 1209 3638 em.

481 3748 735 3830 Argumentum
761 3744 927 3812 orationis
950 3744 998 3812 ita
1020 3742 1264 3833 complectitur
1292 3740 1442 3811 Cassiod.
1469 3764 1483 3810 .·
1503 3770 1519 3803 ιι
1546 3742 1673 3811 i‘nuius
1690 3741 1761 3832 pri·

436 3868 532 3916 mum
552 3849 701 3917 indicem
720 3849 867 3918 laudans
885 3850 930 3917 ab
945 3849 1045 3918 initio
1068 3848 1236 3940 quaesibi
1255 3848 1450 3917 acciderant
1463 3847 1600 3936 integro
1614 3846 1759 3916 veritate

434 3954 634 4045 complexus
654 3962 720 4035 est,
744 3955 895 4024 reterens
915 3955 1209 4045 quemadmodum
1229 3955 1453 4022 christianum
1470 3953 1637 4044 populum
1656 3953 1760 4021 inerit

434 4065 648 4151 persecutus3
673 4061 799 4129 deinde
821 4083 901 4129 cnm
930 4061 996 4130 iret
1020 4067 1240 4145 Damascum,
1261 4060 1377 4150 qualia
1395 4059 1525 4128 iumine
1539 4058 1675 4128 Domini
1694 4061 1759 4128 cir-

434 4172 634 4235 cumventus
661 4166 828 4250 audierit,
851 4167 1035 4259 statimque
1062 4173 1098 4236 ut
1122 4189 1257 4235 necesse
1277 4166 1342 4234 init
1362 4165 1578 4234 sermonibus
1600 4164 1759 4233 obedisse

435 4272 632 4358 dominicis,
650 4272 742 4342 unde
757 4296 792 4342 sc
807 4273 1022 4365 praedicasse
1044 4273 1205 4365 perhibet
1226 4273 1362 4365 popidis
1376 4281 1409 4341 et
1430 4271 1605 4359 gentibus,
1623 4277 1661 4339 ut
1673 4293 1758 4340 con·

434 4379 523 4447 versi
545 4379 723 4471 dignaque
745 4382 979 4471 poenitentiae
1003 4402 1109 4472 opera
1128 4381 1292 4449 incientes
1314 4385 1472 4447 aeternae
1494 4377 1584 4445 ritae
1600 4376 1755 4469 praemia

433 4486 627 4576 reperirent
637 4507 645 4565 ;
657 4509 742 4579 ὀνο
755 4487 799 4555 de
813 4509 918 4557 causa
933 4489 1094 4556 commoti
1114 4486 1232 4556 iudaei
1246 4506 1323 4554 eum
1338 4483 1493 4553 occidere
1507 4481 1752 4566 decreverunt;

432 4614 582 4683 quorum
604 4588 765 4664 manibus
785 4594 913 4663 auxilio
936 4594 1126 4663 divinitatis
1144 4598 1298 4685 ereptus,
1318 4613 1426 4682 usque
1445 4590 1491 4659 nd
1509 4587 1599 4659 iliud
1619 4597 1756 4680 tempus

432 4721 474 4768 ea
497 4721 534 4768 se
554 4700 770 4791 praedicasse
789 4707 928 4771 testatus
948 4707 997 4770 est
1013 4724 1102 4793 quae
1125 4701 1160 4769 in
1176 4699 1351 4792 prophetis
1366 4705 1400 4766 et
1412 4695 1553 4789 reliquis
1566 4694 1754 4788 Scripturis
