4010 5474
987 410 1056 455 scr.
1081 393 1240 468 reales.
1717 399 1775 459 335

447 569 519 615 uon
538 561 619 616 sunt
642 549 695 616 dii
717 542 960 638 quinionibus
985 542 1093 632 fiunt·
1117 541 1155 609 in
1175 541 1258 632 ipsis
1275 540 1488 629 imaginibus
1515 543 1624 611 inesse
1646 568 1776 615 numen

448 656 571 744 vulgus
592 651 810 737 existimabat
830 648 887 738 (cl.
909 649 1037 738 1729).
1054 647 1241 716 Demetrius
1255 668 1318 738 pro
1339 668 1376 714 re
1394 668 1453 715 sua
1468 646 1659 738 prudenter
1679 651 1777 719 dam-

368 800 371 803 *
448 783 532 831 num
551 760 724 851 privatum
746 755 945 824 commiscet
967 778 1046 823 cum
1066 755 1219 846 periculo
1246 753 1455 822 celebritatis
1478 754 1573 821 illius
1593 755 1777 842 religiosae

450 868 545 936 urbis
561 865 605 931 dc
625 885 694 954 qua
714 862 853 955 Ephesii
877 864 1025 931 maxime
1046 860 1301 949 gloriabantur3
1319 883 1353 929 v.
1375 867 1418 927 27
1440 884 1509 928 nore
1523 862 1634 929 solum
1659 876 1777 932 cirtem

447 974 529 1040 baec
542 968 798 1061 periclitabitur
809 970 907 1038 nobis
917 990 1002 1059 pars
1016 967 1055 1034 in
1068 964 1348 1056 redargutionem
1363 966 1477 1033 uenire
1487 967 1511 1033 i.
1527 990 1558 1034 e.
1575 990 1647 1035 non
1663 971 1776 1037 solum

448 1076 639 1168 periculum
660 1084 727 1160 est,
744 1098 789 1145 ne
807 1076 876 1142 hoc
894 1079 1051 1142 nostrum
1076 1072 1251 1162 opificium
1268 1077 1309 1149 ,et
1331 1072 1466 1140 lucrum
1486 1074 1653 1141 iacturam
1674 1075 1779 1143 faeiat
1830 1105 1843 1121 =

448 1183 721 1266 existimationis,
746 1182 785 1249 in
816 1185 1056 1271 contemptum
1086 1179 1216 1263 veniat,
1243 1178 1453 1269 repudietur,
1480 1178 1542 1248 sed
1563 1194 1596 1247 et
1628 1203 1778 1272 magnac

448 1291 581 1359 Dionae
603 1287 766 1380 templum
787 1286 826 1354 in
844 1285 994 1354 nibilum
1014 1286 1247 1377 reputabitur;
1268 1313 1284 1347 a
1309 1284 1431 1353 usitate
1451 1284 1578 1354 dicitur
1595 1300 1614 1373 ἡ
1633 1295 1700 1368 θεὸς
1727 1295 1780 1376 (ut

448 1419 481 1464 v.
508 1397 584 1486 37);
607 1393 848 1463 verumetiam
864 1391 1043 1483 inscriptio
1065 1393 1211 1485 Ephesia
1232 1392 1328 1481 (Brit.
1349 1398 1428 1459 llus.
1459 1413 1513 1459 nr.
1540 1398 1618 1477 tar,
1635 1416 1668 1461 v.
1697 1396 1776 1484 32t)
1896 1408 1898 1411 ’

447 1520 483 1593 τῇ
511 1510 634 1591 μεγίστῃ
658 1508 711 1592 θεᾷ
740 1499 863 1591 Ἐφεσίᾳ
888 1499 1059 1587 Ἀρτέμιδι,
1086 1497 1203 1588 itaque
1229 1498 1410 1566 lormulam
1443 1499 1646 1566 sollemnem
1673 1514 1691 1585 r,
1723 1531 1777 1584 με·

447 1613 528 1697 γάλη
558 1610 611 1677 θεὰ
639 1608 694 1676 Ἃ.
720 1605 811 1675 mira
841 1605 1027 1695 diligentia
1057 1610 1162 1674 Lucas
1190 1605 1400 1672 conservarit
1425 1633 1441 1667 »
1469 1605 1566 1694 (Bt).
1597 1606 1777 1696 Templum

447 1713 534 1783 illud
554 1712 937 1802 magnificentissimum
961 1712 1053 1780 inter
1077 1717 1207 1802 septem
1234 1710 1327 1778 orbis
1348 1712 1515 1779 miracula
1535 1714 1777 1781 recensebatur

450 1820 507 1911 (ef.
522 1819 622 1889 Ptito
635 1818 875 1910 Byzantiusde
888 1822 1020 1907 septem
1032 1817 1255 1907 spectaculis,
1271 1839 1349 1885 cum
1364 1816 1493 1885 notis...
1513 1819 1635 1885 Leonis
1647 1819 1773 1906 allatii,

448 1927 487 1995 in
500 1928 595 1995 Thes.
614 1927 730 2016 Antiq.
746 1946 863 2014 graec.
880 1923 1045 1994 Gronovii
1064 1928 1194 1992 tom08
1214 1946 1243 1991 c.
1261 1929 1348 1992 2678
1363 1945 1434 2015 seq.
1460 1923 1520 1992 nbi
1536 1925 1663 1992 multos
1682 1931 1775 1995 vete-

430 2054 527 2101 -rum
544 2033 638 2101 locos
658 2031 817 2100 laudatos
839 2031 1012 2114 invenics3
1035 2029 1242 2120 Vipouroua,
1262 2036 1304 2099 Le
1318 2035 1477 2100 Nonveau
1492 2036 1576 2099 Test.
1596 2039 1630 2100 et
1649 2033 1698 2101 les
1716 2031 1778 2099 de-

450 2144 627 2209 couvertes
646 2138 812 2223 archiol,
832 2160 869 2228 p.
888 2142 953 2204 263
973 2135 1073 2227 seq.).
1092 2138 1200 2204 Situm
1215 2136 1333 2225 templi
1346 2136 1488 2226 eiusque
1510 2138 1638 2204 rudera
1657 2136 1778 2226 explo-

450 2243 540 2313 ravit
573 2243 697 2331 Wood,
722 2243 932 2312 Discoveries
964 2249 1000 2310 at
1027 2242 1181 2332 Ephesus
1203 2242 1343 2309 London
1372 2249 1469 2310 1877.
1502 2248 1597 2311 Teste
1626 2244 1777 2311 Vitruvio

451 2352 526 2442 (lib.
544 2359 576 2434 7,
595 2350 776 2444 praefatio)
792 2349 836 2419 de
855 2348 940 2418 aede
959 2350 1088 2417 Dianae
1105 2348 1228 2440 Ephesi
1241 2348 1426 2441 Ctesiphon
1444 2355 1478 2416 et
1496 2354 1688 2437 Metagenes
1705 2351 1777 2419 erli-

450 2457 576 2528 derunt
589 2457 768 2542 volumem
785 2455 830 2525 de
843 2477 886 2525 ea
899 2455 1184 2547 scripsitPlinius
1199 2455 1249 2543 (n.
1266 2455 1302 2523 h.
1319 2456 1435 2545 36,21)
1453 2461 1519 2524 etc.

494 2563 643 2633 Gloriam
652 2563 762 2651 igitur
776 2562 873 2630 urbis
887 2561 1099 2630 destructum
1115 2561 1158 2628 iri
1181 2583 1221 2628 ac
1242 2567 1476 2651 contemptum
1494 2564 1729 2651 conqueritur,
1748 2564 1777 2633 si

452 2690 577 2757 magna
600 2669 707 2738 [tiarm
733 2668 908 2737 oblivione
934 2667 1103 2735 obruetur
1131 2689 1138 2736 :
1169 2666 1229 2733 scd
1256 2680 1288 2733 ct
1312 2665 1442 2734 destrui
1473 2667 1632 2759 incipiet,
1669 2677 1777 2752 μέλλει

451 2777 517 2846 erit
530 2781 569 2845 ut
587 2777 784 2845 destruatur
797 2773 959 2842 maiestas
978 2773 1053 2841 cius
1068 2796 1170 2860 quom
1185 2773 1347 2842 totaAsia
1370 2787 1401 2841 et
1418 2774 1507 2841 erbis
1520 2774 1620 2857 colit,·
1636 2806 1651 2835 (ι
1667 2777 1777 2865 Ephe·

395 2891 399 2898 '
448 2885 534 2952 siam
549 2884 692 2952 Dianam
708 2880 811 2952 urbes
835 2902 956 2948 omnes
983 2880 1161 2948 celebrant
1185 2888 1218 2947 et
1240 2881 1399 2970 privatim
1416 2881 1483 2946 viri
1506 2903 1581 2947 eam
1598 2904 1680 2970 prae
1696 2882 1778 2949 reli-

451 2989 527 3082 quis
546 2988 611 3058 diis
634 2993 891 3080 prosequuntur
909 2985 1116 3067 honoribus;
1132 2985 1200 3052 tria
1220 2986 1293 3053 cius
1319 2986 1553 3054 celebritatem
1581 2996 1775 3058 auxerunt:

451 3094 655 3186 magnitudo
666 3093 820 3185 primum
833 3091 970 3181 templi,
988 3091 1081 3182 quod
1096 3097 1209 3160 cetera
1222 3092 1338 3159 omnia
1347 3092 1525 3160 hominum
1537 3116 1642 3183 opera
1652 3095 1773 3175 anteit,

452 3201 672 3295 Ephesiorum
688 3199 813 3269 deinde
821 3197 968 3267 civitatis
982 3198 1161 3288 splendor,
1178 3206 1212 3267 et
1226 3198 1299 3288 ipsa
1314 3205 1484 3290 postrema
1501 3200 1586 3267 deae
1605 3200 1743 3268 claritas
1759 3230 1773 3261 n

451 3309 659 3400 (Pausanias
673 3308 824 3394 t,31,8);
837 3327 870 3373 v,
884 3311 927 3374 28
941 3304 996 3373 tis
1009 3303 1141 3372 auditis
1152 3305 1274 3396 repleti
1284 3318 1364 3372 stent
1382 3307 1434 3372 irc
1449 3319 1481 3373 ct
1496 3307 1775 3375 reclamaverunt

451 3414 600 3485 dicentes
619 3435 633 3480 .·
653 3434 782 3505 magno
807 3411 923 3480 Diona
949 3409 1191 3502 prcsr'orrun,
1216 3412 1253 3479 in
1280 3413 1386 3479 altera
1414 3412 1582 3481 lectione:
1600 3414 1693 3503 pleni
1722 3414 1776 3482 ira

452 3528 627 3592 currentes
640 3521 679 3589 in
692 3518 784 3592 uam
799 3517 978 3610 publicam
991 3518 1229 3587 exclamabant
1249 3526 1313 3587 etc.
1334 3524 1499 3586 Sermone
1517 3519 1625 3606 igitur
1639 3521 1699 3587 illo
1714 3544 1774 3588 nn-

452 3631 525 3698 dito
548 3631 691 3697 currunt
714 3648 778 3717 per
788 3614 978 3693 'civitatem
1001 3616 1191 3692 clamantes
1214 3631 1247 3691 et
1267 3626 1432 3692 honorem
1453 3626 1537 3693 deae
1563 3626 1776 3695 vindicantes

452 3737 476 3804 i.
498 3759 529 3804 e.
550 3755 612 3803 suo
626 3731 783 3824 quaestui
806 3730 1036 3800 consulentes.
1054 3733 1138 3798 Cum
1165 3732 1279 3821 itaque
1299 3731 1468 3798 civitatem
1491 3732 1701 3801 clamoribus
1721 3757 1775 3801 re-

454 3840 572 3935 pleant
585 3839 761 3932 plerisque
774 3858 913 3906 causam
925 3834 1170 3925 ignorantibus
1181 3860 1214 3905 r.
1236 3842 1283 3905 20
1302 3851 1335 3905 et
1346 3838 1487 3927 irrrpleto
1500 3853 1548 3906 est
1566 3839 1776 3908 rier'toseon·

448 3946 606 4040 scaione,
626 3945 710 4033 gig:
726 3948 761 4012 et
774 3944 919 4013 contusa
941 3948 993 4012 est
1009 3943 1168 4012 universa
1191 3946 1324 4026 civitam
1342 3945 1435 4034 apud
1450 3947 1541 4013 LXX
1558 3950 1681 4034 alep-n,
1701 3969 1776 4015 sae-

451 4054 529 4148 pius
544 4052 671 4121 dicitur
684 4050 729 4118 de
742 4048 845 4117 idolis
865 4049 945 4140 (lar.
960 4054 994 4133 3,
1013 4054 1074 4131 aa
1105 4055 1217 4131 11,13.
1240 4054 1293 4118 os.
1310 4057 1388 4133 atu
1412 4053 1510 4140 etc.):
1531 4051 1622 4121 unde
1638 4055 1733 4144 quod
1754 4059 1776 4121 Ι)

454 4160 559 4230 habet
573 4154 739 4250 explicari
752 4161 865 4247 potest
883 4178 892 4226 :
909 4160 945 4224 et
963 4157 1106 4225 contusa
1120 4162 1170 4224 est
1187 4157 1306 4225 civitas
1328 4158 1539 4245 ignominiae
1554 4159 1578 4228 i.
1607 4182 1637 4227 e.
1659 4161 1780 4228 civitas

454 4268 539 4337 deae
559 4264 687 4356 turpis,
702 4261 977 4353 ignominiosae,
995 4284 1085 4355 quae
1110 4264 1313 4355 appellatio,
1329 4265 1379 4332 uti
1396 4265 1439 4332 de
1461 4265 1554 4334 idolo
1574 4268 1778 4353 generatim,

453 4374 502 4442 ita
518 4373 561 4442 de
582 4371 736 4460 imagine
759 4370 889 4438 Dianae
910 4369 1073 4461 ephesiae
1094 4393 1247 4459 congrue
1271 4372 1509 4439 dicitu1·.Narn
1532 4372 1580 4438 ibi
1600 4372 1781 4443 colebatur

454 4501 525 4549 non
539 4479 646 4549 [tiana
666 4475 834 4560 venatrix,
851 4475 913 4545 sed
936 4475 1000 4545 illa
1022 4478 1289 4546 multimammin
1316 4499 1421 4568 quam
1448 4480 1565 4546 Graeci
1587 4489 1778 4565 :eticae-‚er

456 4591 597 4668 vocant,
608 4584 729 4654 ntscil.
742 4606 783 4653 ex
794 4583 871 4676 ipsa
882 4605 1022 4675 quoque
1037 4586 1152 4671 effigie
1164 4586 1552 4654 mentirentnromninm
1567 4609 1643 4655 earn
1654 4588 1779 4657 bestin-

459 4713 535 4762 rum
555 4698 589 4761 et
609 4691 803 4761 viventium
831 4712 905 4761 esse
926 4689 1098 4760 nutricem
1114 4692 1370 4785 (Hieronymus,
1388 4695 1496 4784 prael.
1520 4695 1556 4762 in
1586 4701 1776 4764 comment.

458 4823 514 4892 ep.
535 4796 581 4868 ad
595 4799 720 4890 aphes.
746 4800 797 4869 rr.
812 4798 966 4888 sorar).
