4054 5442
999 395 1067 440 act.
1090 379 1250 452 asae-27.
1726 377 1783 447 dil

463 531 645 610 venerant;
665 530 765 594 crant
779 531 962 592 Caesareae
980 525 1134 617 quinque
1149 527 1307 595 cohortes
1326 523 1421 612 (Bell.
1440 524 1510 591 iud.
1528 525 1657 615 3,t,2);
1674 524 1786 592 tribu-

462 655 526 701 nos
540 642 574 701 et
594 634 683 699 viros
710 630 842 698 nobiles
858 630 1036 698 accersivit
1058 637 1190 715 Festus,
1207 639 1245 700 ut
1268 632 1457 721 Agrippam
1478 629 1605 696 selecto
1630 631 1785 697 virorum

462 739 628 807 comitatu
646 736 833 803 honoraret
852 736 908 826 (el.
932 736 1057 827 Bels.);
1082 738 1132 806 uti
1145 740 1209 806 viri
1224 737 1359 806 nobiles
1373 740 1471 804 erant
1485 757 1525 802 cx
1540 738 1719 816 Caesarea,
1737 737 1786 802 ita

462 844 593 934 pariter
604 840 761 909 tribunos
774 840 929 932 intellige
939 866 1188 927 caesareenses,
1202 845 1339 934 utrique
1351 843 1475 910 adsunt
1487 842 1532 909 ad
1542 838 1786 910 honorandum

462 947 667 1038 Agrippam;
689 970 759 1015 non
775 971 861 1039 opus
875 954 926 1018 est
941 950 1112 1041 explicare
1134 951 1177 1018 de
1198 950 1347 1017 tribunis
1363 949 1469 1038 ipsius
1490 948 1583 1033 regis
1596 946 1783 1036 Agrippae,

463 1075 675 1143 qucssecum
689 1053 883 1122 adduxisset
896 1061 1094 1123 Caesaream
1111 1055 1167 1146 (el.
1185 1079 1217 1124 v.
1237 1055 1312 1145 13);
1331 1053 1467 1122 iubente
1494 1056 1590 1120 Festo
1614 1051 1786 1120 adderetur

460 1171 510 1226 est
526 1160 679 1245 Paulus;
693 1182 725 1226 v.
746 1165 789 1227 at
804 1171 834 1227 et
848 1158 933 1227 dicit
943 1164 1061 1229 Festus
1073 1182 1086 1227 .·
1102 1162 1188 1252 Apri
1185 1182 1264 1253 ppa
1281 1183 1341 1229 rea
1351 1173 1383 1228 et
1402 1181 1516 1227 carnes
1528 1158 1590 1249 qui
1603 1156 1712 1225 simetl
1722 1155 1785 1226 ad-

461 1266 540 1334 estis
559 1266 735 1334 notescam
756 1264 838 1350 riri,
860 1265 984 1334 videtis
998 1267 1088 1336 dane
1100 1267 1142 1356 de
1168 1268 1359 1359 quaomnia
1373 1264 1561 1333 multitudo
1575 1264 1784 1332 ludaeorum

462 1370 695 1462 interpellauit
710 1391 763 1438 me
780 1371 1010 1462 lerarrlymir,
1027 1381 1077 1442 aet
1094 1380 1195 1443 ἐνθάδε
1210 1379 1244 1441 et-
1266 1373 1322 1441 hic
1337 1373 1413 1464 (gig
1432 1378 1465 1439 et
1479 1370 1584 1460 hi?!);
1603 1370 1639 1437 in
1659 1392 1693 1437 v.
1715 1375 1784 1437 aet

462 1477 541 1545 'lde
559 1476 642 1544 solis
660 1477 872 1567 primoribus
894 1480 1023 1547 mentio
1046 1479 1100 1562 tiu
1116 1479 1177 1548 sed
1198 1479 1236 1548 hi
1263 1484 1355 1549 certe
1378 1477 1617 1569 exprimebant
1643 1498 1782 1565 quoque

462 1604 581 1651 omnes
609 1582 754 1651 ludaeos
776 1583 812 1651 id
833 1589 990 1675 expetere
1002 1590 1037 1652 et
1052 1612 1068 1648 u
1089 1584 1179 1653 nihil
1200 1586 1312 1653 obstat
1337 1583 1519 1675 quominus
1540 1580 1785 1671 Hierosolymis

460 1695 552 1757 certe
567 1689 671 1757 etiam
687 1689 920 1758 multitudinis
932 1690 1099 1759 clamores
1113 1690 1292 1759 accessisse
1302 1696 1459 1782 putemus
1475 1719 1492 1754 a
1516 1690 1613 1780 pat),
1627 1701 1783 1780 petentes

461 1807 494 1863 et
519 1794 749 1863 acclamantes
768 1817 839 1863 noa
852 1809 1006 1886 oportere
1024 1819 1111 1890 'eam
1130 1797 1242 1867 uicere
1255 1796 1425 1888 amplius,·
1449 1796 1599 1865 eundem
1615 1794 1785 1863 tollebant

460 1901 649 1969 clamorem
664 1900 753 1969 sicut
765 1908 867 1970 antea
882 1908 996 1986 2222.
1015 1928 1020 1937 ·

504 2006 656 2074 Breviter
670 2006 707 2074 in
721 2011 814 2076 textu
826 2013 942 2076 nostro
957 2030 1011 2077 res
1024 2010 1284 2100 perstringitur3
1305 2009 1415 2079 multo
1433 2008 1574 2077 uberius
1592 2008 1678 2076 alibi
1694 2006 1784 2095 (vide

455 2112 538 2180 lect.
556 2112 664 2202 var),
678 2135 712 2180 r.
730 2120 773 2180 25
783 2135 847 2203 epo
859 2135 936 2181 uero
950 2116 1100 2206 comperi
1113 2114 1205 2183 niti!
1218 2114 1363 2207 dippum
1375 2126 1483 2182 morte
1497 2135 1576 2181 erem
1588 2112 1783 2181 cautisime.

457 2219 535 2310 Ipso
551 2229 673 2286 aretem
689 2218 750 2287 leuc
766 2218 964 2310 appellante
979 2220 1252 2311 adlapsam,
1269 2219 1422 2289 iudicavi
1441 2220 1579 2287 mittere
1584 2239 1598 2303 ;
1611 2220 1680 2286 iam
1703 2239 1784 2285 vero

460 2331 568 2414 «post
585 2324 854 2415 appellationem
874 2325 1110 2418 interpositam
1136 2326 1269 2396 litterae
1293 2326 1427 2396 dandae
1448 2332 1528 2395 suut
1550 2325 1595 2394 ab
1613 2347 1654 2393 eo
1668 2347 1690 2392 a
1714 2345 1783 2414 quo

458 2430 672 2522 appellatum
688 2431 795 2499 estad
811 2453 889 2501 eum
908 2433 971 2523 qui
989 2431 1034 2501 de
1048 2432 1284 2525 appellatione
1299 2432 1500 2521 cogniturus
1514 2437 1581 2513 est,
1598 2431 1670 2498 sive
1685 2430 1781 2520 prin·

458 2538 588 2627 cipem,
605 2536 675 2606 sive
690 2559 793 2628 quem
824 2538 947 2621 alium,
977 2561 1062 2629 quas
1074 2539 1205 2608 litteras
1218 2539 1429 2608 dimissorias
1443 2540 1515 2606 sive
1531 2536 1706 2628 apostolos
1718 2559 1782 2626 ap-

458 2641 591 2732 pellant
606 2669 622 2704 a
641 2643 781 2732 (bigast.
800 2647 906 2727 xttx,
928 2651 965 2724 ὓς
993 2645 1166 2734 Wetstciu)
1183 2667 1215 2710 v.
1236 2650 1280 2712 26
1300 2643 1342 2711 de
1361 2667 1429 2735 quo
1443 2641 1533 2735 quid
1547 2655 1678 2710 certrtm
1697 2640 1781 2709 scri·

458 2750 536 2815 baut
552 2746 692 2816 doctrina
707 2772 777 2816 uon
800 2748 927 2835 labem·
940 2749 1021 2818 inde
1044 2773 1064 2818 a
1088 2748 1244 2839 Caligula
1268 2772 1342 2819 mos
1360 2749 1511 2819 obtinuit
1533 2747 1779 2839 imperatorem

458 2853 605 2923 vocandi
628 2853 824 2939 domiuum,
846 2877 952 2945 quam
979 2854 1263 2947 appellationem,
1286 2862 1325 2924 ut
1348 2855 1570 2924 maledictum
1597 2859 1631 2922 ct
1649 2876 1780 2944 oppro-

457 2960 589 3041 brium,
617 2965 791 3049 Augustus
814 2961 887 3052 ipse
913 2982 1049 3052 semper
1068 2962 1243 3031 exhorruit
1270 2963 1424 3053 (Sueten.
1448 2966 1563 3031 Oetav.
1588 2961 1663 3050 53);
1686 2960 1779 3027 idem

456 3071 617 3134 narratur
631 3065 675 3133 de
690 3066 826 3135 Tiberio
846 3089 855 3137 :
878 3065 1039 3135 dominus
1058 3067 1254 3159 appellatus
1271 3068 1459 3158 aquodam
1482 3066 1717 3149 denuntiavit,
1735 3088 1780 3133 ne

455 3194 491 3239 se
507 3171 656 3263 amplius
670 3173 898 3241 contumeliae
917 3195 1019 3242 causa
1042 3173 1237 3242 nominaret
1254 3174 1294 3264 (l.
1313 3174 1472 3243 eliber.
1489 3180 1551 3256 at;
1572 3172 1615 3241 el.
1642 3171 1780 3239 Tacitus

454 3277 578 3346 annal.
599 3283 679 3363 ²2⁸7
702 3298 710 3345 ε
731 3278 854 3347 acerbe
869 3278 1057 3369 increpuit,
1073 3280 1133 3370 qui
1148 3280 1261 3371 ipsum
1276 3279 1455 3349 dominum
1469 3279 1657 3368 dixerant),
1673 3278 1778 3345 etiam

455 3383 647 3453 Alexander
660 3388 805 3453 Severus
821 3391 907 3454 teste
924 3382 1120 3476 Lampridio
1133 3386 1240 3476 (Alex.
1261 3390 1340 3455 Ser.
1356 3385 1582 3477 straminum
1601 3407 1637 3453 se
1657 3384 1780 3474 appel·

456 3489 521 3558 lari
536 3489 643 3558 vetuit
658 3490 858 3580 (ll'etsteiu,
878 3491 1011 3580 Patr.);
1035 3513 1115 3559 eum
1139 3490 1277 3559 titulum
1302 3490 1448 3560 libenter
1466 3491 1598 3560 audivit
1619 3490 1778 3558 [tomitia-

455 3617 538 3678 nus,
555 3595 615 3686 qui
632 3617 710 3664 cum
730 3604 994 3686 procuratorum
1012 3619 1153 3665 suorum
1177 3595 1318 3665 nominc
1337 3597 1516 3665 formalem
1537 3596 1683 3665 dictaret
1706 3595 1781 3685 epi·

456 3702 597 3785 stolam,
619 3702 667 3770 sic
693 3704 806 3794 coepit
833 3725 841 3773 :
869 3703 1032 3771 domiuus
1056 3708 1089 3771 et
1117 3702 1202 3772 deus
1226 3709 1341 3772 noster
1365 3703 1414 3772 sic
1440 3702 1515 3770 fieri
1545 3702 1658 3787 iubet;
1687 3701 1778 3768 unde

455 3807 652 3876 institutum
679 3811 838 3899 posthac,
867 3816 904 3877 ut
932 3831 975 3877 ne
1001 3810 1126 3900 scripto
1151 3810 1293 3901 quidem
1318 3831 1358 3877 ac
1385 3830 1542 3877 sermone
1572 3808 1778 3898 cuiusquam

456 3913 689 4004 appellaretur
714 3914 816 3982 aliter
836 3916 990 4005 (Sueten.
1016 3914 1140 3984 [tomit.
1164 3917 1240 4005 13);
1258 3928 1399 4008 propter
1415 3912 1512 4006 qued
1524 3911 1684 4006 predari
1700 3935 1778 3980 etun

454 4018 503 4088 ad
522 4042 591 4099 eos,
616 4031 649 4085 et
668 4020 819 4088 uterinae
836 4019 886 4088 ad
904 4033 949 4107 te,
971 4043 1032 4088 rea
1052 4020 1221 4114 Aprippe,
1241 4034 1280 4089 ut
1305 4020 1576 4112 interropatt'eac
1589 4023 1693 4110 secta
1716 4019 1780 4087 lra-

455 4126 552 4194 beem
579 4124 665 4216 quid
677 4126 847 4210 scritum·
862 4127 1014 4218 Agrippa
1026 4127 1156 4219 quippe
1170 4149 1289 4196 rerum
1301 4127 1517 4196 iudaicarum
1532 4149 1663 4216 guarus
1680 4149 1720 4195 ea
1736 4126 1779 4193 do

455 4231 653 4323 quaestione
663 4231 785 4299 ceteris
797 4232 920 4301 melius
932 4232 1077 4301 suadere
1090 4232 1430 4325 etiudicarepoterat
1442 4256 1451 4317 ;
1463 4256 1496 4302 r.
1508 4234 1632 4301 arsiae
1645 4231 1780 4300 ratione

454 4338 547 4405 enim
577 4345 688 4426 :Taepa
714 4338 901 4409 absurdum
921 4337 1009 4407 milri
1029 4336 1164 4407 ridetur
1181 4339 1317 4409 mittere
1334 4339 1487 4408 vinetum
1510 4351 1542 4406 et
1561 4361 1683 4407 causas
1705 4336 1779 4403 cius

456 4465 526 4510 aon
538 4443 758 4534 sipnificare;
769 4443 863 4535 quod
877 4445 969 4514 enim
984 4446 1056 4537 ipse
1076 4468 1112 4515 se
1131 4446 1259 4516 latetur
1272 4445 1481 4515 intellexisse
1495 4467 1529 4513 r.
1549 4450 1602 4527 tu,
1622 4443 1731 4512 videri
1748 4443 1780 4510 ci

455 4556 592 4640 poterat
603 4572 714 4641 aeque
727 4559 839 4640 atae-,cr
858 4550 905 4620 ¹in
918 4551 988 4620 illis
1011 4551 1135 4621 litteris
1150 4575 1335 4644 apponere.
