<?xml version="1.0" encoding="UTF-8"?>
<!DOCTYPE html PUBLIC "-//W3C//DTD XHTML 1.0 Transitional//EN"
    "http://www.w3.org/TR/xhtml1/DTD/xhtml1-transitional.dtd">
<html xmlns="http://www.w3.org/1999/xhtml" xml:lang="en" lang="en">
 <head>
  <title>
</title>
<meta http-equiv="Content-Type" content="text/html;charset=utf-8" />
  <meta name='ocr-system' content='tesseract 3.04.00' />
  <meta name='ocr-capabilities' content='ocr_page ocr_carea ocr_par ocr_line ocrx_word'/>
</head>
<body>
  <div class='ocr_page' id='page_1' title='image "./commentariusina00knabgoog/commentariusina00knabgoog_0228.png"; bbox 0 0 4092 5490; ppageno 0'>
   <div class='ocr_carea' id='block_1_1' title="bbox 1030 308 1811 416">
    <p class='ocr_par' dir='ltr' id='par_1_1' title="bbox 1030 308 1811 416">
     <span class='ocr_line' id='line_1_1' title="bbox 1030 308 1811 416; baseline 0.004 -9"><span class='ocrx_word' id='word_1_1' title='bbox 1030 362 1098 407; x_wconf 69' lang='lat' dir='ltr'>aer.</span> <span class='ocrx_word' id='word_1_2' title='bbox 1123 345 1281 416; x_wconf 75' lang='grc'><strong>666666.</strong></span> <span class='ocrx_word' id='word_1_3' title='bbox 1312 308 1314 312; x_wconf 61' lang='grc'>’</span> <span class='ocrx_word' id='word_1_4' title='bbox 1753 349 1811 410; x_wconf 74' lang='lat' dir='ltr'>sos</span> 
     </span>
    </p>
   </div>
   <div class='ocr_carea' id='block_1_2' title="bbox 458 492 1812 1116">
    <p class='ocr_par' dir='ltr' id='par_1_2' title="bbox 458 492 1812 1116">
     <span class='ocr_line' id='line_1_2' title="bbox 485 492 1808 592; baseline -0.002 -23"><span class='ocrx_word' id='word_1_5' title='bbox 485 524 526 570; x_wconf 92' lang='lat' dir='ltr'>eo</span> <span class='ocrx_word' id='word_1_6' title='bbox 545 505 703 592; x_wconf 88' lang='lat' dir='ltr'>tempore</span> <span class='ocrx_word' id='word_1_7' title='bbox 719 506 795 568; x_wconf 91' lang='lat' dir='ltr'>erat</span> <span class='ocrx_word' id='word_1_8' title='bbox 809 498 934 565; x_wconf 87' lang='lat' dir='ltr'>usitata</span> <span class='ocrx_word' id='word_1_9' title='bbox 950 517 958 563; x_wconf 76' lang='grc' dir='ltr'><strong><em>ε</em></strong></span> <span class='ocrx_word' id='word_1_10' title='bbox 975 492 1159 561; x_wconf 86' lang='lat' dir='ltr'>Herodiani</span> <span class='ocrx_word' id='word_1_11' title='bbox 1176 492 1300 576; x_wconf 78' lang='grc'><strong>11161616.</strong></span> <span class='ocrx_word' id='word_1_12' title='bbox 1317 499 1419 578; x_wconf 64' lang='lat' dir='ltr'>aglo</span> <span class='ocrx_word' id='word_1_13' title='bbox 1437 497 1528 582; x_wconf 83' lang='grc'><strong>616),</strong></span> <span class='ocrx_word' id='word_1_14' title='bbox 1544 498 1808 585; x_wconf 85' lang='lat' dir='ltr'>Carpocratiaui,</span> 
     </span>
     <span class='ocr_line' id='line_1_3' title="bbox 485 599 1808 696; baseline -0.003 -19"><span class='ocrx_word' id='word_1_15' title='bbox 485 606 672 677; x_wconf 88' lang='lat' dir='ltr'>Simoniani</span> <span class='ocrx_word' id='word_1_16' title='bbox 692 612 756 673; x_wconf 91' lang='lat' dir='ltr'>etc.</span> <span class='ocrx_word' id='word_1_17' title='bbox 782 603 839 692; x_wconf 90' lang='lat' dir='ltr'>(cl.</span> <span class='ocrx_word' id='word_1_18' title='bbox 861 599 1076 691; x_wconf 85' lang='lat' dir='ltr'>Hegesippus</span> <span class='ocrx_word' id='word_1_19' title='bbox 1095 601 1191 691; x_wconf 93' lang='lat' dir='ltr'>apud</span> <span class='ocrx_word' id='word_1_20' title='bbox 1215 604 1289 668; x_wconf 82' lang='lat' dir='ltr'>Eus.</span> <span class='ocrx_word' id='word_1_21' title='bbox 1314 600 1407 691; x_wconf 59' lang='lat' dir='ltr'>tm)</span> <span class='ocrx_word' id='word_1_22' title='bbox 1434 600 1603 670; x_wconf 79' lang='grc' dir='ltr'>Ἀττικιανὰ</span> <span class='ocrx_word' id='word_1_23' title='bbox 1618 600 1808 696; x_wconf 52' lang='lat' dir='ltr'>(dirumpi)</span> 
     </span>
     <span class='ocr_line' id='line_1_4' title="bbox 458 706 1809 796; baseline -0.004 -15"><span class='ocrx_word' id='word_1_24' title='bbox 458 714 525 795; x_wconf 49' lang='lat' dir='ltr'><strong>‚ab</strong></span> <span class='ocrx_word' id='word_1_25' title='bbox 551 706 1185 796; x_wconf 63' lang='grc'><strong>’666161136666661666666666</strong></span> <span class='ocrx_word' id='word_1_26' title='bbox 1207 713 1328 775; x_wconf 87' lang='lat' dir='ltr'>vocant</span> <span class='ocrx_word' id='word_1_27' title='bbox 1348 717 1438 776; x_wconf 78' lang='grc' dir='ltr'>τύπον</span> <span class='ocrx_word' id='word_1_28' title='bbox 1459 708 1607 788; x_wconf 75' lang='grc' dir='ltr'><strong>Ἀσιανὸν,</strong></span> <span class='ocrx_word' id='word_1_29' title='bbox 1629 707 1809 776; x_wconf 76' lang='grc'><strong>66166616-</strong></span> 
     </span>
     <span class='ocr_line' id='line_1_5' title="bbox 483 812 1812 904; baseline -0.005 -17"><span class='ocrx_word' id='word_1_30' title='bbox 483 818 532 887; x_wconf 93' lang='lat' dir='ltr'><strong>tio</strong></span> <span class='ocrx_word' id='word_1_31' title='bbox 560 818 598 884; x_wconf 93' lang='lat' dir='ltr'>in</span> <span class='ocrx_word' id='word_1_32' title='bbox 622 843 703 895; x_wconf 75' lang='grc' dir='ltr'>ιανος</span> <span class='ocrx_word' id='word_1_33' title='bbox 725 814 899 904; x_wconf 89' lang='lat' dir='ltr'>reperitur</span> <span class='ocrx_word' id='word_1_34' title='bbox 919 812 957 879; x_wconf 92' lang='grc'><strong>16</strong></span> <span class='ocrx_word' id='word_1_35' title='bbox 980 812 1248 901; x_wconf 81' lang='lat' dir='ltr'>cognominibus</span> <span class='ocrx_word' id='word_1_36' title='bbox 1267 813 1428 901; x_wconf 88' lang='lat' dir='ltr'>partium,</span> <span class='ocrx_word' id='word_1_37' title='bbox 1453 818 1634 882; x_wconf 88' lang='lat' dir='ltr'>sectarum.</span> <span class='ocrx_word' id='word_1_38' title='bbox 1666 818 1702 881; x_wconf 92' lang='grc'><strong>16</strong></span> <span class='ocrx_word' id='word_1_39' title='bbox 1729 815 1765 877; x_wconf 78' lang='grc'><strong>6·</strong></span> <span class='ocrx_word' id='word_1_40' title='bbox 1778 820 1812 881; x_wconf 87' lang='grc'><strong>66</strong></span> 
     </span>
     <span class='ocr_line' id='line_1_6' title="bbox 483 915 1810 1007; baseline -0.002 -15"><span class='ocrx_word' id='word_1_41' title='bbox 483 945 555 992; x_wconf 91' lang='lat' dir='ltr'>uno</span> <span class='ocrx_word' id='word_1_42' title='bbox 575 921 720 988; x_wconf 88' lang='lat' dir='ltr'>minuse.</span> <span class='ocrx_word' id='word_1_43' title='bbox 748 925 788 988; x_wconf 98' lang='grc'><strong>61</strong></span> <span class='ocrx_word' id='word_1_44' title='bbox 810 918 964 987; x_wconf 87' lang='lat' dir='ltr'>habetur</span> <span class='ocrx_word' id='word_1_45' title='bbox 986 915 1750 1007; x_wconf 67' lang='grc' dir='ltr'><strong>Χρηστιανους,66666661661666666666616</strong></span> <span class='ocrx_word' id='word_1_46' title='bbox 1771 944 1810 989; x_wconf 83' lang='lat' dir='ltr'>en</span> 
     </span>
     <span class='ocr_line' id='line_1_7' title="bbox 484 1021 1806 1116; baseline -0.002 -18"><span class='ocrx_word' id='word_1_47' title='bbox 484 1027 625 1098; x_wconf 90' lang='lat' dir='ltr'>nomine</span> <span class='ocrx_word' id='word_1_48' title='bbox 650 1029 790 1116; x_wconf 71' lang='grc' dir='ltr'>Χρηστὸς</span> <span class='ocrx_word' id='word_1_49' title='bbox 810 1027 895 1093; x_wconf 88' lang='lat' dir='ltr'>satis</span> <span class='ocrx_word' id='word_1_50' title='bbox 914 1021 1090 1112; x_wconf 81' lang='lat' dir='ltr'><strong>frequenti</strong></span> <span class='ocrx_word' id='word_1_51' title='bbox 1106 1024 1229 1112; x_wconf 82' lang='lat' dir='ltr'>(exstat</span> <span class='ocrx_word' id='word_1_52' title='bbox 1255 1023 1421 1091; x_wconf 76' lang='lat' dir='ltr'>terdecies</span> <span class='ocrx_word' id='word_1_53' title='bbox 1434 1024 1472 1092; x_wconf 93' lang='lat' dir='ltr'>in</span> <span class='ocrx_word' id='word_1_54' title='bbox 1493 1027 1592 1116; x_wconf 86' lang='lat' dir='ltr'>Corp.</span> <span class='ocrx_word' id='word_1_55' title='bbox 1620 1030 1721 1092; x_wconf 90' lang='grc'><strong>16666.</strong></span> <span class='ocrx_word' id='word_1_56' title='bbox 1739 1032 1806 1095; x_wconf 75' lang='grc'><strong>666.</strong></span> 
     </span>
    </p>
   </div>
   <div class='ocr_carea' id='block_1_3' title="bbox 482 1127 1942 1224">
    <p class='ocr_par' dir='ltr' id='par_1_3' title="bbox 482 1127 1942 1224">
     <span class='ocr_line' id='line_1_8' title="bbox 482 1127 1942 1224; baseline -0.001 -24"><span class='ocrx_word' id='word_1_57' title='bbox 482 1134 552 1203; x_wconf 82' lang='grc'><strong>661.</strong></span> <span class='ocrx_word' id='word_1_58' title='bbox 577 1140 608 1217; x_wconf 85' lang='grc'><strong>3,</strong></span> <span class='ocrx_word' id='word_1_59' title='bbox 634 1133 705 1224; x_wconf 80' lang='lat' dir='ltr'>Bt.)</span> <span class='ocrx_word' id='word_1_60' title='bbox 728 1138 803 1201; x_wconf 86' lang='lat' dir='ltr'>erat</span> <span class='ocrx_word' id='word_1_61' title='bbox 825 1132 938 1218; x_wconf 89' lang='lat' dir='ltr'>magis</span> <span class='ocrx_word' id='word_1_62' title='bbox 959 1127 1158 1211; x_wconf 79' lang='lat' dir='ltr'>familiaris,</span> <span class='ocrx_word' id='word_1_63' title='bbox 1185 1136 1218 1196; x_wconf 92' lang='lat' dir='ltr'><strong>et</strong></span> <span class='ocrx_word' id='word_1_64' title='bbox 1240 1151 1343 1220; x_wconf 89' lang='lat' dir='ltr'>quam</span> <span class='ocrx_word' id='word_1_65' title='bbox 1368 1131 1515 1198; x_wconf 85' lang='lat' dir='ltr'>formam</span> <span class='ocrx_word' id='word_1_66' title='bbox 1537 1130 1683 1219; x_wconf 79' lang='lat' dir='ltr'>gentiles</span> <span class='ocrx_word' id='word_1_67' title='bbox 1707 1153 1807 1223; x_wconf 80' lang='lat' dir='ltr'>saepe</span> <span class='ocrx_word' id='word_1_68' title='bbox 1941 1174 1942 1177; x_wconf 59' lang='lat'><em>=</em></span> 
     </span>
    </p>
   </div>
   <div class='ocr_carea' id='block_1_4' title="bbox 481 1235 1810 1645">
    <p class='ocr_par' dir='ltr' id='par_1_4' title="bbox 481 1235 1810 1645">
     <span class='ocr_line' id='line_1_9' title="bbox 482 1235 1809 1333; baseline -0.001 -24"><span class='ocrx_word' id='word_1_69' title='bbox 482 1262 662 1333; x_wconf 80' lang='lat' dir='ltr'>usurpasse</span> <span class='ocrx_word' id='word_1_70' title='bbox 676 1236 906 1306; x_wconf 75' lang='lat' dir='ltr'>Tertullianus</span> <span class='ocrx_word' id='word_1_71' title='bbox 925 1235 967 1301; x_wconf 90' lang='lat' dir='ltr'><strong>iis</strong></span> <span class='ocrx_word' id='word_1_72' title='bbox 987 1237 1174 1326; x_wconf 84' lang='lat' dir='ltr'>exprobrat</span> <span class='ocrx_word' id='word_1_73' title='bbox 1195 1255 1203 1303; x_wconf 92' lang='lat'><strong>:</strong></span> <span class='ocrx_word' id='word_1_74' title='bbox 1220 1257 1400 1326; x_wconf 87' lang='lat' dir='ltr'>perperam</span> <span class='ocrx_word' id='word_1_75' title='bbox 1420 1235 1636 1305; x_wconf 83' lang='lat' dir='ltr'>Chrestianus</span> <span class='ocrx_word' id='word_1_76' title='bbox 1652 1260 1809 1329; x_wconf 90' lang='lat' dir='ltr'>pronun·</span> 
     </span>
     <span class='ocr_line' id='line_1_10' title="bbox 482 1340 1805 1436; baseline -0.001 -21"><span class='ocrx_word' id='word_1_77' title='bbox 482 1347 588 1415; x_wconf 87' lang='grc'><strong>616666</strong></span> <span class='ocrx_word' id='word_1_78' title='bbox 602 1368 624 1413; x_wconf 87' lang='grc'><strong>6</strong></span> <span class='ocrx_word' id='word_1_79' title='bbox 645 1342 757 1422; x_wconf 75' lang='lat' dir='ltr'>iobis;</span> <span class='ocrx_word' id='word_1_80' title='bbox 776 1363 857 1410; x_wconf 90' lang='lat' dir='ltr'><strong>nam</strong></span> <span class='ocrx_word' id='word_1_81' title='bbox 877 1363 942 1409; x_wconf 91' lang='grc'><strong>666</strong></span> <span class='ocrx_word' id='word_1_82' title='bbox 960 1342 1112 1410; x_wconf 91' lang='lat' dir='ltr'>nominis</span> <span class='ocrx_word' id='word_1_83' title='bbox 1126 1346 1221 1409; x_wconf 85' lang='lat' dir='ltr'>certa</span> <span class='ocrx_word' id='word_1_84' title='bbox 1246 1347 1297 1408; x_wconf 90' lang='lat' dir='ltr'><strong>est</strong></span> <span class='ocrx_word' id='word_1_85' title='bbox 1315 1340 1436 1409; x_wconf 90' lang='lat' dir='ltr'>notitia</span> <span class='ocrx_word' id='word_1_86' title='bbox 1454 1342 1546 1433; x_wconf 85' lang='lat' dir='ltr'>apud</span> <span class='ocrx_word' id='word_1_87' title='bbox 1566 1366 1623 1411; x_wconf 90' lang='lat' dir='ltr'>vos</span> <span class='ocrx_word' id='word_1_88' title='bbox 1640 1343 1749 1436; x_wconf 78' lang='lat' dir='ltr'>(Apol.</span> <span class='ocrx_word' id='word_1_89' title='bbox 1768 1352 1805 1429; x_wconf 81' lang='lat'><strong>33</strong></span> 
     </span>
     <span class='ocr_line' id='line_1_11' title="bbox 481 1448 1807 1539; baseline -0.002 -18"><span class='ocrx_word' id='word_1_90' title='bbox 481 1456 529 1521; x_wconf 87' lang='lat' dir='ltr'><strong>M.</strong></span> <span class='ocrx_word' id='word_1_91' title='bbox 548 1450 678 1539; x_wconf 56' lang='lat'>1381).</span> <span class='ocrx_word' id='word_1_92' title='bbox 691 1449 833 1535; x_wconf 82' lang='lat' dir='ltr'>Legitur</span> <span class='ocrx_word' id='word_1_93' title='bbox 846 1469 976 1516; x_wconf 90' lang='lat' dir='ltr'>nomeu</span> <span class='ocrx_word' id='word_1_94' title='bbox 989 1453 1093 1529; x_wconf 62' lang='grc'><strong>6638</strong></span> <span class='ocrx_word' id='word_1_95' title='bbox 1104 1448 1149 1514; x_wconf 91' lang='lat' dir='ltr'><strong>ab</strong></span> <span class='ocrx_word' id='word_1_96' title='bbox 1164 1448 1318 1538; x_wconf 79' lang='lat' dir='ltr'>Agrippa</span> <span class='ocrx_word' id='word_1_97' title='bbox 1326 1453 1529 1539; x_wconf 87' lang='lat' dir='ltr'>usurpatum</span> <span class='ocrx_word' id='word_1_98' title='bbox 1543 1452 1576 1515; x_wconf 93' lang='lat' dir='ltr'><strong>et</strong></span> <span class='ocrx_word' id='word_1_99' title='bbox 1591 1456 1606 1515; x_wconf 87' lang='grc'><strong>1</strong></span> <span class='ocrx_word' id='word_1_100' title='bbox 1625 1452 1713 1518; x_wconf 89' lang='grc' dir='ltr'><strong>Ρ666.</strong></span> <span class='ocrx_word' id='word_1_101' title='bbox 1729 1456 1807 1533; x_wconf 83' lang='grc'><strong>6,16</strong></span> 
     </span>
     <span class='ocr_line' id='line_1_12' title="bbox 481 1553 1810 1645; baseline -0.002 -19"><span class='ocrx_word' id='word_1_102' title='bbox 481 1580 519 1627; x_wconf 80' lang='lat' dir='ltr'><strong>es</strong></span> <span class='ocrx_word' id='word_1_103' title='bbox 536 1555 707 1624; x_wconf 91' lang='lat' dir='ltr'>sententia</span> <span class='ocrx_word' id='word_1_104' title='bbox 730 1553 917 1643; x_wconf 81' lang='lat' dir='ltr'>gentilium</span> <span class='ocrx_word' id='word_1_105' title='bbox 932 1555 1096 1644; x_wconf 89' lang='lat' dir='ltr'>positum.</span> <span class='ocrx_word' id='word_1_106' title='bbox 1119 1557 1165 1620; x_wconf 85' lang='lat' dir='ltr'><strong>Ex</strong></span> <span class='ocrx_word' id='word_1_107' title='bbox 1180 1558 1336 1645; x_wconf 90' lang='lat' dir='ltr'>tempore</span> <span class='ocrx_word' id='word_1_108' title='bbox 1353 1554 1491 1623; x_wconf 88' lang='lat' dir='ltr'>Neronis</span> <span class='ocrx_word' id='word_1_109' title='bbox 1514 1576 1641 1622; x_wconf 90' lang='lat' dir='ltr'>nomeu</span> <span class='ocrx_word' id='word_1_110' title='bbox 1663 1556 1810 1624; x_wconf 82' lang='lat' dir='ltr'>refertur</span> 
     </span>
    </p>
   </div>
   <div class='ocr_carea' id='block_1_5' title="bbox 350 1658 1809 1761">
    <p class='ocr_par' dir='ltr' id='par_1_5' title="bbox 350 1658 1809 1761">
     <span class='ocr_line' id='line_1_13' title="bbox 350 1658 1809 1761; baseline 0 -31"><span class='ocrx_word' id='word_1_111' title='bbox 350 1658 352 1661; x_wconf 63' lang='grc'>’</span> <span class='ocrx_word' id='word_1_112' title='bbox 481 1663 574 1753; x_wconf 89' lang='lat' dir='ltr'>apud</span> <span class='ocrx_word' id='word_1_113' title='bbox 587 1660 741 1730; x_wconf 85' lang='lat' dir='ltr'>Tacitum</span> <span class='ocrx_word' id='word_1_114' title='bbox 754 1660 890 1750; x_wconf 84' lang='grc'><strong>(166661.</strong></span> <span class='ocrx_word' id='word_1_115' title='bbox 911 1659 1026 1749; x_wconf 59' lang='grc'><strong>1666)</strong></span> <span class='ocrx_word' id='word_1_116' title='bbox 1041 1662 1076 1727; x_wconf 85' lang='grc'><strong>66</strong></span> <span class='ocrx_word' id='word_1_117' title='bbox 1093 1660 1294 1727; x_wconf 86' lang='lat' dir='ltr'>Suetonium</span> <span class='ocrx_word' id='word_1_118' title='bbox 1309 1659 1410 1751; x_wconf 93' lang='lat' dir='ltr'>(Nero</span> <span class='ocrx_word' id='word_1_119' title='bbox 1427 1660 1495 1750; x_wconf 90' lang='grc'><strong>16).</strong></span> <span class='ocrx_word' id='word_1_120' title='bbox 1518 1663 1661 1749; x_wconf 88' lang='lat' dir='ltr'>Negavit</span> <span class='ocrx_word' id='word_1_121' title='bbox 1676 1662 1809 1761; x_wconf 75' lang='lat' dir='ltr'>Lipsius</span> 
     </span>
    </p>
   </div>
   <div class='ocr_carea' id='block_1_6' title="bbox 429 1764 1898 4828">
    <p class='ocr_par' dir='ltr' id='par_1_6' title="bbox 429 1764 1850 2601">
     <span class='ocr_line' id='line_1_14' title="bbox 481 1764 1811 1860; baseline 0 -23"><span class='ocrx_word' id='word_1_122' title='bbox 481 1771 691 1860; x_wconf 91' lang='lat' dir='ltr'>(Ursprung,</span> <span class='ocrx_word' id='word_1_123' title='bbox 717 1765 901 1835; x_wconf 88' lang='lat' dir='ltr'>Gebrauch</span> <span class='ocrx_word' id='word_1_124' title='bbox 925 1765 961 1833; x_wconf 89' lang='lat' dir='ltr'><strong>d.</strong></span> <span class='ocrx_word' id='word_1_125' title='bbox 986 1764 1307 1848; x_wconf 85' lang='lat' dir='ltr'>Christennamens,</span> <span class='ocrx_word' id='word_1_126' title='bbox 1332 1771 1413 1834; x_wconf 88' lang='lat' dir='ltr'>lena</span> <span class='ocrx_word' id='word_1_127' title='bbox 1440 1766 1539 1857; x_wconf 82' lang='grc'><strong>1873)</strong></span> <span class='ocrx_word' id='word_1_128' title='bbox 1567 1767 1660 1858; x_wconf 90' lang='lat' dir='ltr'>quod</span> <span class='ocrx_word' id='word_1_129' title='bbox 1684 1773 1811 1838; x_wconf 89' lang='lat' dir='ltr'>aLucu</span> 
     </span>
     <span class='ocr_line' id='line_1_15' title="bbox 480 1871 1810 1964; baseline 0 -21"><span class='ocrx_word' id='word_1_130' title='bbox 480 1874 657 1957; x_wconf 87' lang='lat' dir='ltr'>asseritur,</span> <span class='ocrx_word' id='word_1_131' title='bbox 675 1871 889 1941; x_wconf 88' lang='lat' dir='ltr'>contendens</span> <span class='ocrx_word' id='word_1_132' title='bbox 901 1893 1033 1939; x_wconf 90' lang='lat' dir='ltr'>nomen</span> <span class='ocrx_word' id='word_1_133' title='bbox 1046 1871 1113 1938; x_wconf 90' lang='lat' dir='ltr'><strong>hoc</strong></span> <span class='ocrx_word' id='word_1_134' title='bbox 1132 1893 1205 1939; x_wconf 91' lang='lat' dir='ltr'><strong>non</strong></span> <span class='ocrx_word' id='word_1_135' title='bbox 1228 1877 1341 1939; x_wconf 88' lang='lat' dir='ltr'>ortum</span> <span class='ocrx_word' id='word_1_136' title='bbox 1356 1893 1427 1940; x_wconf 91' lang='lat' dir='ltr'>esse</span> <span class='ocrx_word' id='word_1_137' title='bbox 1445 1872 1511 1940; x_wconf 89' lang='grc'><strong>6161</strong></span> <span class='ocrx_word' id='word_1_138' title='bbox 1528 1879 1682 1964; x_wconf 90' lang='lat' dir='ltr'>tempore</span> <span class='ocrx_word' id='word_1_139' title='bbox 1701 1876 1810 1944; x_wconf 90' lang='lat' dir='ltr'>multo</span> 
     </span>
     <span class='ocr_line' id='line_1_16' title="bbox 484 1976 1835 2073; baseline 0.004 -25"><span class='ocrx_word' id='word_1_140' title='bbox 484 1980 686 2073; x_wconf 89' lang='lat' dir='ltr'>posteriore.</span> <span class='ocrx_word' id='word_1_141' title='bbox 698 1983 827 2046; x_wconf 85' lang='lat' dir='ltr'>Verum</span> <span class='ocrx_word' id='word_1_142' title='bbox 840 1976 1057 2046; x_wconf 87' lang='lat' dir='ltr'>consentiens</span> <span class='ocrx_word' id='word_1_143' title='bbox 1069 1977 1250 2046; x_wconf 83' lang='lat' dir='ltr'>catholicis</span> <span class='ocrx_word' id='word_1_144' title='bbox 1263 1978 1350 2047; x_wconf 91' lang='lat' dir='ltr'>bene</span> <span class='ocrx_word' id='word_1_145' title='bbox 1364 1979 1501 2070; x_wconf 88' lang='lat' dir='ltr'>reponit</span> <span class='ocrx_word' id='word_1_146' title='bbox 1512 1977 1565 2048; x_wconf 83' lang='lat' dir='ltr'>Bt.</span> <span class='ocrx_word' id='word_1_147' title='bbox 1580 2002 1593 2047; x_wconf 92' lang='lat'><strong>.·</strong></span> <span class='ocrx_word' id='word_1_148' title='bbox 1605 1979 1812 2049; x_wconf 86' lang='lat' dir='ltr'>«vanissima</span> <span class='ocrx_word' id='word_1_149' title='bbox 1830 2044 1835 2054; x_wconf 91' lang='lat'><strong>.</strong></span> 
     </span>
     <span class='ocr_line' id='line_1_17' title="bbox 480 2079 1809 2183; baseline 0.002 -30"><span class='ocrx_word' id='word_1_150' title='bbox 480 2079 622 2179; x_wconf 79' lang='lat' dir='ltr'>ipsa&#39;que</span> <span class='ocrx_word' id='word_1_151' title='bbox 638 2084 751 2175; x_wconf 91' lang='lat' dir='ltr'>specie</span> <span class='ocrx_word' id='word_1_152' title='bbox 769 2085 971 2172; x_wconf 87' lang='lat' dir='ltr'>argumenti</span> <span class='ocrx_word' id='word_1_153' title='bbox 986 2083 1150 2151; x_wconf 87' lang='lat' dir='ltr'>destituta</span> <span class='ocrx_word' id='word_1_154' title='bbox 1167 2083 1262 2167; x_wconf 90' lang='lat' dir='ltr'>suut,</span> <span class='ocrx_word' id='word_1_155' title='bbox 1278 2106 1366 2183; x_wconf 89' lang='lat' dir='ltr'>quae</span> <span class='ocrx_word' id='word_1_156' title='bbox 1387 2089 1505 2153; x_wconf 90' lang='lat' dir='ltr'>contra</span> <span class='ocrx_word' id='word_1_157' title='bbox 1520 2086 1625 2153; x_wconf 84' lang='lat' dir='ltr'>fidem</span> <span class='ocrx_word' id='word_1_158' title='bbox 1640 2086 1743 2154; x_wconf 92' lang='lat' dir='ltr'>huius</span> <span class='ocrx_word' id='word_1_159' title='bbox 1761 2093 1809 2155; x_wconf 91' lang='lat' dir='ltr'><strong>te-</strong></span> 
     </span>
     <span class='ocr_line' id='line_1_18' title="bbox 480 2187 1808 2282; baseline 0 -22"><span class='ocrx_word' id='word_1_160' title='bbox 480 2191 633 2261; x_wconf 90' lang='lat' dir='ltr'>stimonii</span> <span class='ocrx_word' id='word_1_161' title='bbox 646 2189 774 2259; x_wconf 89' lang='lat' dir='ltr'>Lucani</span> <span class='ocrx_word' id='word_1_162' title='bbox 788 2212 809 2257; x_wconf 96' lang='grc'><strong>6</strong></span> <span class='ocrx_word' id='word_1_163' title='bbox 824 2189 1036 2281; x_wconf 88' lang='lat' dir='ltr'>quibusdam</span> <span class='ocrx_word' id='word_1_164' title='bbox 1050 2196 1131 2257; x_wconf 91' lang='lat' dir='ltr'>sunt</span> <span class='ocrx_word' id='word_1_165' title='bbox 1145 2187 1296 2279; x_wconf 80' lang='lat' dir='ltr'>prolatu3</span> <span class='ocrx_word' id='word_1_166' title='bbox 1312 2192 1436 2258; x_wconf 89' lang='lat' dir='ltr'>etenim</span> <span class='ocrx_word' id='word_1_167' title='bbox 1455 2212 1499 2257; x_wconf 92' lang='lat' dir='ltr'><strong>ue</strong></span> <span class='ocrx_word' id='word_1_168' title='bbox 1516 2194 1651 2280; x_wconf 88' lang='lat' dir='ltr'>poterat</span> <span class='ocrx_word' id='word_1_169' title='bbox 1669 2188 1808 2282; x_wconf 89' lang='lat' dir='ltr'>quidem</span> 
     </span>
     <span class='ocr_line' id='line_1_19' title="bbox 481 2293 1850 2387; baseline 0 -21"><span class='ocrx_word' id='word_1_170' title='bbox 481 2296 683 2381; x_wconf 74' lang='lat' dir='ltr'>Antiochiae</span> <span class='ocrx_word' id='word_1_171' title='bbox 697 2302 789 2364; x_wconf 90' lang='lat' dir='ltr'>secta</span> <span class='ocrx_word' id='word_1_172' title='bbox 805 2296 945 2363; x_wconf 87' lang='lat' dir='ltr'>novicia</span> <span class='ocrx_word' id='word_1_173' title='bbox 960 2317 1002 2361; x_wconf 85' lang='lat' dir='ltr'>ex</span> <span class='ocrx_word' id='word_1_174' title='bbox 1014 2293 1150 2364; x_wconf 89' lang='grc'><strong>6666616</strong></span> <span class='ocrx_word' id='word_1_175' title='bbox 1166 2295 1351 2363; x_wconf 83' lang='lat' dir='ltr'>maximam</span> <span class='ocrx_word' id='word_1_176' title='bbox 1364 2302 1497 2386; x_wconf 89' lang='lat' dir='ltr'>partem</span> <span class='ocrx_word' id='word_1_177' title='bbox 1503 2296 1699 2387; x_wconf 72' lang='lat' dir='ltr'>‘compositu</span> <span class='ocrx_word' id='word_1_178' title='bbox 1714 2320 1808 2367; x_wconf 91' lang='lat' dir='ltr'>com·</span> <span class='ocrx_word' id='word_1_179' title='bbox 1848 2318 1850 2324; x_wconf 88' lang='lat'>·</span> 
     </span>
     <span class='ocr_line' id='line_1_20' title="bbox 481 2401 1807 2491; baseline 0.001 -18"><span class='ocrx_word' id='word_1_180' title='bbox 481 2426 620 2473; x_wconf 90' lang='lat' dir='ltr'>munem</span> <span class='ocrx_word' id='word_1_181' title='bbox 635 2401 797 2471; x_wconf 85' lang='lat' dir='ltr'>notitiem</span> <span class='ocrx_word' id='word_1_182' title='bbox 808 2401 984 2489; x_wconf 86' lang='lat' dir='ltr'>effugere,</span> <span class='ocrx_word' id='word_1_183' title='bbox 1010 2422 1140 2491; x_wconf 91' lang='lat' dir='ltr'>neque,</span> <span class='ocrx_word' id='word_1_184' title='bbox 1155 2423 1231 2469; x_wconf 92' lang='lat' dir='ltr'>cum</span> <span class='ocrx_word' id='word_1_185' title='bbox 1245 2406 1332 2470; x_wconf 88' lang='lat' dir='ltr'>esset</span> <span class='ocrx_word' id='word_1_186' title='bbox 1351 2402 1389 2470; x_wconf 93' lang='lat' dir='ltr'>in</span> <span class='ocrx_word' id='word_1_187' title='bbox 1406 2402 1532 2491; x_wconf 86' lang='lat' dir='ltr'>vulgus</span> <span class='ocrx_word' id='word_1_188' title='bbox 1555 2408 1650 2488; x_wconf 87' lang='grc'><strong>6666,</strong></span> <span class='ocrx_word' id='word_1_189' title='bbox 1666 2405 1807 2474; x_wconf 89' lang='lat' dir='ltr'>nomine</span> 
     </span>
     <span class='ocr_line' id='line_1_21' title="bbox 429 2499 893 2601; baseline -0.004 -24"><span class='ocrx_word' id='word_1_190' title='bbox 429 2499 433 2506; x_wconf 75' lang='grc'>’</span> <span class='ocrx_word' id='word_1_191' title='bbox 479 2510 573 2601; x_wconf 92' lang='lat' dir='ltr'>apud</span> <span class='ocrx_word' id='word_1_192' title='bbox 587 2510 714 2598; x_wconf 80' lang='lat' dir='ltr'>vulgus</span> <span class='ocrx_word' id='word_1_193' title='bbox 728 2530 846 2577; x_wconf 91' lang='lat' dir='ltr'>carere</span> <span class='ocrx_word' id='word_1_194' title='bbox 861 2535 893 2575; x_wconf 76' lang='grc'><strong>6.</strong></span> 
     </span>
    </p>

    <p class='ocr_par' dir='ltr' id='par_1_7' title="bbox 477 2612 1898 4828">
     <span class='ocr_line' id='line_1_22' title="bbox 524 2612 1808 2704; baseline -0.001 -21"><span class='ocrx_word' id='word_1_195' title='bbox 524 2622 616 2683; x_wconf 90' lang='lat' dir='ltr'>luter</span> <span class='ocrx_word' id='word_1_196' title='bbox 633 2613 788 2683; x_wconf 87' lang='lat' dir='ltr'>subsidia</span> <span class='ocrx_word' id='word_1_197' title='bbox 802 2618 838 2681; x_wconf 90' lang='grc'><strong>66</strong></span> <span class='ocrx_word' id='word_1_198' title='bbox 856 2613 984 2703; x_wconf 87' lang='lat' dir='ltr'>decora</span> <span class='ocrx_word' id='word_1_199' title='bbox 998 2612 1126 2704; x_wconf 91' lang='lat' dir='ltr'>quihus</span> <span class='ocrx_word' id='word_1_200' title='bbox 1145 2613 1307 2682; x_wconf 83' lang='lat' dir='ltr'>Dominus</span> <span class='ocrx_word' id='word_1_201' title='bbox 1319 2613 1502 2682; x_wconf 85' lang='lat' dir='ltr'>Ecclesiam</span> <span class='ocrx_word' id='word_1_202' title='bbox 1520 2636 1617 2683; x_wconf 90' lang='lat' dir='ltr'>suam</span> <span class='ocrx_word' id='word_1_203' title='bbox 1640 2616 1757 2683; x_wconf 85' lang='lat' dir='ltr'>iuvare</span> <span class='ocrx_word' id='word_1_204' title='bbox 1773 2621 1808 2683; x_wconf 90' lang='lat' dir='ltr'><strong>et</strong></span> 
     </span>
     <span class='ocr_line' id='line_1_23' title="bbox 480 2718 1805 2811; baseline -0.001 -22"><span class='ocrx_word' id='word_1_205' title='bbox 480 2742 646 2789; x_wconf 79' lang='lat' dir='ltr'>exornare</span> <span class='ocrx_word' id='word_1_206' title='bbox 658 2719 767 2788; x_wconf 88' lang='lat' dir='ltr'>voluit</span> <span class='ocrx_word' id='word_1_207' title='bbox 779 2718 885 2787; x_wconf 91' lang='lat' dir='ltr'>etiam</span> <span class='ocrx_word' id='word_1_208' title='bbox 900 2718 1047 2788; x_wconf 87' lang='grc'><strong>66166166</strong></span> <span class='ocrx_word' id='word_1_209' title='bbox 1065 2718 1239 2787; x_wconf 88' lang='lat' dir='ltr'>charisma</span> <span class='ocrx_word' id='word_1_210' title='bbox 1247 2720 1448 2811; x_wconf 88' lang='lat' dir='ltr'>prophetiae</span> <span class='ocrx_word' id='word_1_211' title='bbox 1459 2721 1517 2809; x_wconf 81' lang='grc'><strong>(61.</strong></span> <span class='ocrx_word' id='word_1_212' title='bbox 1537 2724 1645 2789; x_wconf 86' lang='grc'><strong>1666.</strong></span> <span class='ocrx_word' id='word_1_213' title='bbox 1665 2726 1755 2805; x_wconf 84' lang='grc'><strong>11,3.</strong></span> <span class='ocrx_word' id='word_1_214' title='bbox 1774 2730 1805 2791; x_wconf 85' lang='grc'><strong>6.</strong></span> 
     </span>
     <span class='ocr_line' id='line_1_24' title="bbox 481 2824 1807 2918; baseline 0.002 -24"><span class='ocrx_word' id='word_1_215' title='bbox 481 2827 609 2917; x_wconf 58' lang='lat' dir='ltr'>itii).</span> <span class='ocrx_word' id='word_1_216' title='bbox 628 2825 819 2916; x_wconf 87' lang='lat' dir='ltr'>Prophetae</span> <span class='ocrx_word' id='word_1_217' title='bbox 838 2824 1013 2914; x_wconf 87' lang='lat' dir='ltr'>singulari</span> <span class='ocrx_word' id='word_1_218' title='bbox 1038 2825 1186 2915; x_wconf 90' lang='lat' dir='ltr'>Spiritus</span> <span class='ocrx_word' id='word_1_219' title='bbox 1209 2827 1318 2894; x_wconf 89' lang='lat' dir='ltr'>sancti</span> <span class='ocrx_word' id='word_1_220' title='bbox 1334 2825 1484 2917; x_wconf 91' lang='lat' dir='ltr'>impulsu</span> <span class='ocrx_word' id='word_1_221' title='bbox 1507 2827 1737 2918; x_wconf 90' lang='lat' dir='ltr'>loquebantur</span> <span class='ocrx_word' id='word_1_222' title='bbox 1763 2828 1807 2897; x_wconf 92' lang='lat' dir='ltr'><strong>ad</strong></span> 
     </span>
     <span class='ocr_line' id='line_1_25' title="bbox 480 2931 1808 3024; baseline 0 -23"><span class='ocrx_word' id='word_1_223' title='bbox 480 2932 774 3014; x_wconf 85' lang='lat' dir='ltr'>aedificationem,</span> <span class='ocrx_word' id='word_1_224' title='bbox 796 2931 1087 3013; x_wconf 80' lang='lat' dir='ltr'>exhortationem,</span> <span class='ocrx_word' id='word_1_225' title='bbox 1113 2932 1397 3014; x_wconf 67' lang='lat' dir='ltr'>consolationem</span> <span class='ocrx_word' id='word_1_226' title='bbox 1425 2934 1557 3001; x_wconf 86' lang='grc'><strong>6666166</strong></span> <span class='ocrx_word' id='word_1_227' title='bbox 1576 2956 1714 3024; x_wconf 90' lang='lat' dir='ltr'>quoque</span> <span class='ocrx_word' id='word_1_228' title='bbox 1734 2957 1808 3002; x_wconf 88' lang='lat' dir='ltr'>cor-</span> 
     </span>
     <span class='ocr_line' id='line_1_26' title="bbox 479 3035 1808 3129; baseline 0.001 -23"><span class='ocrx_word' id='word_1_229' title='bbox 479 3038 575 3107; x_wconf 93' lang='lat' dir='ltr'>dium</span> <span class='ocrx_word' id='word_1_230' title='bbox 590 3036 800 3129; x_wconf 89' lang='lat' dir='ltr'>quaudoque</span> <span class='ocrx_word' id='word_1_231' title='bbox 815 3035 1022 3127; x_wconf 89' lang='lat' dir='ltr'>pandebant</span> <span class='ocrx_word' id='word_1_232' title='bbox 1038 3043 1073 3104; x_wconf 92' lang='grc'><strong>66</strong></span> <span class='ocrx_word' id='word_1_233' title='bbox 1086 3036 1205 3105; x_wconf 85' lang='grc'><strong>166666</strong></span> <span class='ocrx_word' id='word_1_234' title='bbox 1218 3037 1482 3108; x_wconf 87' lang='lat' dir='ltr'>annuntiabant.</span> <span class='ocrx_word' id='word_1_235' title='bbox 1500 3040 1596 3107; x_wconf 88' lang='lat' dir='ltr'>Viros</span> <span class='ocrx_word' id='word_1_236' title='bbox 1616 3062 1657 3107; x_wconf 89' lang='lat' dir='ltr'>eo</span> <span class='ocrx_word' id='word_1_237' title='bbox 1680 3039 1808 3108; x_wconf 78' lang='lat' dir='ltr'>charis</span> 
     </span>
     <span class='ocr_line' id='line_1_27' title="bbox 479 3142 1808 3234; baseline 0.002 -22"><span class='ocrx_word' id='word_1_238' title='bbox 479 3150 569 3212; x_wconf 89' lang='lat' dir='ltr'>mate</span> <span class='ocrx_word' id='word_1_239' title='bbox 585 3143 731 3211; x_wconf 85' lang='lat' dir='ltr'>donatos</span> <span class='ocrx_word' id='word_1_240' title='bbox 746 3164 810 3234; x_wconf 88' lang='lat' dir='ltr'>per</span> <span class='ocrx_word' id='word_1_241' title='bbox 819 3143 935 3210; x_wconf 77' lang='grc'><strong>666166</strong></span> <span class='ocrx_word' id='word_1_242' title='bbox 948 3142 1106 3210; x_wconf 86' lang='lat' dir='ltr'>fidelium</span> <span class='ocrx_word' id='word_1_243' title='bbox 1122 3148 1237 3211; x_wconf 92' lang='lat' dir='ltr'>coetus</span> <span class='ocrx_word' id='word_1_244' title='bbox 1251 3143 1422 3212; x_wconf 84' lang='lat' dir='ltr'>transiisse</span> <span class='ocrx_word' id='word_1_245' title='bbox 1441 3145 1485 3212; x_wconf 90' lang='lat' dir='ltr'><strong>ad</strong></span> <span class='ocrx_word' id='word_1_246' title='bbox 1500 3143 1654 3213; x_wconf 82' lang='lat' dir='ltr'>fidelium</span> <span class='ocrx_word' id='word_1_247' title='bbox 1673 3145 1808 3214; x_wconf 90' lang='lat' dir='ltr'>institu-</span> 
     </span>
     <span class='ocr_line' id='line_1_28' title="bbox 479 3248 1806 3337; baseline 0.002 -19"><span class='ocrx_word' id='word_1_248' title='bbox 479 3251 626 3335; x_wconf 89' lang='lat' dir='ltr'>tionem,</span> <span class='ocrx_word' id='word_1_249' title='bbox 651 3253 727 3316; x_wconf 94' lang='lat' dir='ltr'><strong>tum</strong></span> <span class='ocrx_word' id='word_1_250' title='bbox 763 3271 804 3317; x_wconf 86' lang='lat' dir='ltr'>ex</span> <span class='ocrx_word' id='word_1_251' title='bbox 827 3248 895 3317; x_wconf 88' lang='lat' dir='ltr'><strong>hoc</strong></span> <span class='ocrx_word' id='word_1_252' title='bbox 934 3248 1010 3317; x_wconf 93' lang='grc'><strong>1666</strong></span> <span class='ocrx_word' id='word_1_253' title='bbox 1048 3248 1234 3337; x_wconf 86' lang='lat' dir='ltr'>colligitur,</span> <span class='ocrx_word' id='word_1_254' title='bbox 1262 3255 1335 3317; x_wconf 89' lang='lat' dir='ltr'><strong>tum</strong></span> <span class='ocrx_word' id='word_1_255' title='bbox 1362 3273 1402 3318; x_wconf 84' lang='lat' dir='ltr'>ex</span> <span class='ocrx_word' id='word_1_256' title='bbox 1439 3252 1596 3319; x_wconf 84' lang='lat' dir='ltr'>Doctrina</span> <span class='ocrx_word' id='word_1_257' title='bbox 1623 3251 1806 3321; x_wconf 89' lang='lat' dir='ltr'>duodecim</span> 
     </span>
     <span class='ocr_line' id='line_1_29' title="bbox 479 3354 1806 3448; baseline 0.001 -23"><span class='ocrx_word' id='word_1_258' title='bbox 479 3356 713 3448; x_wconf 88' lang='lat' dir='ltr'>apostolorum</span> <span class='ocrx_word' id='word_1_259' title='bbox 738 3355 795 3442; x_wconf 86' lang='lat' dir='ltr'>(el.</span> <span class='ocrx_word' id='word_1_260' title='bbox 823 3354 961 3444; x_wconf 84' lang='lat'>11.13);</span> <span class='ocrx_word' id='word_1_261' title='bbox 985 3377 1019 3423; x_wconf 86' lang='lat' dir='ltr'><strong>v.</strong></span> <span class='ocrx_word' id='word_1_262' title='bbox 1049 3361 1091 3422; x_wconf 77' lang='lat'><strong>27</strong></span> <span class='ocrx_word' id='word_1_263' title='bbox 1115 3355 1151 3422; x_wconf 82' lang='lat' dir='ltr'>in</span> <span class='ocrx_word' id='word_1_264' title='bbox 1175 3354 1361 3423; x_wconf 77' lang='grc'><strong>1616661666</strong></span> <span class='ocrx_word' id='word_1_265' title='bbox 1390 3356 1508 3424; x_wconf 84' lang='grc'><strong>61161166</strong></span> <span class='ocrx_word' id='word_1_266' title='bbox 1526 3359 1806 3426; x_wconf 86' lang='lat' dir='ltr'>commorationis</span> 
     </span>
     <span class='ocr_line' id='line_1_30' title="bbox 479 3460 1898 3554; baseline 0.001 -24"><span class='ocrx_word' id='word_1_267' title='bbox 479 3462 658 3530; x_wconf 88' lang='lat' dir='ltr'>Barnabae</span> <span class='ocrx_word' id='word_1_268' title='bbox 666 3467 700 3529; x_wconf 90' lang='lat' dir='ltr'><strong>et</strong></span> <span class='ocrx_word' id='word_1_269' title='bbox 712 3460 809 3528; x_wconf 89' lang='lat' dir='ltr'>Sauli</span> <span class='ocrx_word' id='word_1_270' title='bbox 822 3472 1096 3551; x_wconf 79' lang='lat' dir='ltr'>superuenerunt</span> <span class='ocrx_word' id='word_1_271' title='bbox 1105 3462 1148 3528; x_wconf 83' lang='lat' dir='ltr'><strong>ab</strong></span> <span class='ocrx_word' id='word_1_272' title='bbox 1158 3461 1372 3551; x_wconf 78' lang='lat' dir='ltr'>ierosolymis</span> <span class='ocrx_word' id='word_1_273' title='bbox 1373 3462 1561 3554; x_wconf 79' lang='lat' dir='ltr'>prophetae</span> <span class='ocrx_word' id='word_1_274' title='bbox 1569 3464 1805 3550; x_wconf 60' lang='lat' dir='ltr'>Antiochiam</span> <span class='ocrx_word' id='word_1_275' title='bbox 1896 3480 1898 3484; x_wconf 68' lang='grc'><strong>“</strong></span> 
     </span>
     <span class='ocr_line' id='line_1_31' title="bbox 479 3566 1805 3660; baseline 0.002 -24"><span class='ocrx_word' id='word_1_276' title='bbox 479 3568 640 3636; x_wconf 90' lang='lat' dir='ltr'>hocloco</span> <span class='ocrx_word' id='word_1_277' title='bbox 661 3566 826 3635; x_wconf 87' lang='lat' dir='ltr'>textusiu</span> <span class='ocrx_word' id='word_1_278' title='bbox 849 3571 875 3633; x_wconf 85' lang='lat' dir='ltr'>D</span> <span class='ocrx_word' id='word_1_279' title='bbox 896 3571 931 3634; x_wconf 90' lang='lat' dir='ltr'><strong>et</strong></span> <span class='ocrx_word' id='word_1_280' title='bbox 954 3567 1050 3658; x_wconf 92' lang='lat' dir='ltr'>apud</span> <span class='ocrx_word' id='word_1_281' title='bbox 1076 3567 1307 3656; x_wconf 82' lang='lat' dir='ltr'>Augustiuum</span> <span class='ocrx_word' id='word_1_282' title='bbox 1330 3568 1445 3659; x_wconf 86' lang='lat' dir='ltr'>pergit</span> <span class='ocrx_word' id='word_1_283' title='bbox 1475 3588 1484 3636; x_wconf 92' lang='lat'>:</span> <span class='ocrx_word' id='word_1_284' title='bbox 1511 3575 1663 3660; x_wconf 85' lang='lat' dir='ltr'>eratque</span> <span class='ocrx_word' id='word_1_285' title='bbox 1678 3591 1805 3658; x_wconf 85' lang='lat' dir='ltr'>magna</span> 
     </span>
     <span class='ocr_line' id='line_1_32' title="bbox 478 3673 1806 3767; baseline 0.002 -24"><span class='ocrx_word' id='word_1_286' title='bbox 478 3673 674 3754; x_wconf 78' lang='lat' dir='ltr'>exsultati03</span> <span class='ocrx_word' id='word_1_287' title='bbox 693 3674 915 3761; x_wconf 88' lang='lat' dir='ltr'>cougregatis</span> <span class='ocrx_word' id='word_1_288' title='bbox 934 3679 1052 3741; x_wconf 89' lang='lat' dir='ltr'>autem</span> <span class='ocrx_word' id='word_1_289' title='bbox 1069 3674 1169 3741; x_wconf 89' lang='lat' dir='ltr'>nobis</span> <span class='ocrx_word' id='word_1_290' title='bbox 1187 3696 1332 3762; x_wconf 87' lang='lat' dir='ltr'>surgens</span> <span class='ocrx_word' id='word_1_291' title='bbox 1348 3696 1434 3742; x_wconf 90' lang='lat' dir='ltr'>unus</span> <span class='ocrx_word' id='word_1_292' title='bbox 1448 3697 1488 3743; x_wconf 81' lang='lat' dir='ltr'>ex</span> <span class='ocrx_word' id='word_1_293' title='bbox 1505 3674 1574 3744; x_wconf 92' lang='lat' dir='ltr'>illis</span> <span class='ocrx_word' id='word_1_294' title='bbox 1591 3698 1720 3767; x_wconf 92' lang='lat' dir='ltr'>-qua</span> <span class='ocrx_word' id='word_1_295' title='bbox 1737 3676 1806 3745; x_wconf 88' lang='lat' dir='ltr'>lee-</span> 
     </span>
     <span class='ocr_line' id='line_1_33' title="bbox 477 3778 1805 3870; baseline 0.002 -22"><span class='ocrx_word' id='word_1_296' title='bbox 477 3781 569 3849; x_wconf 89' lang='lat' dir='ltr'>tionc</span> <span class='ocrx_word' id='word_1_297' title='bbox 583 3778 886 3867; x_wconf 85' lang='lat' dir='ltr'>significatorium</span> <span class='ocrx_word' id='word_1_298' title='bbox 904 3779 1070 3870; x_wconf 87' lang='lat' dir='ltr'>temporis</span> <span class='ocrx_word' id='word_1_299' title='bbox 1087 3781 1156 3847; x_wconf 88' lang='lat' dir='ltr'>iam</span> <span class='ocrx_word' id='word_1_300' title='bbox 1172 3785 1296 3848; x_wconf 89' lang='lat' dir='ltr'>Lucam</span> <span class='ocrx_word' id='word_1_301' title='bbox 1310 3780 1412 3849; x_wconf 90' lang='lat' dir='ltr'>fuisse</span> <span class='ocrx_word' id='word_1_302' title='bbox 1427 3803 1504 3850; x_wconf 91' lang='lat' dir='ltr'>cum</span> <span class='ocrx_word' id='word_1_303' title='bbox 1518 3781 1677 3851; x_wconf 85' lang='lat' dir='ltr'>fidelibus</span> <span class='ocrx_word' id='word_1_304' title='bbox 1689 3781 1805 3850; x_wconf 82' lang='lat' dir='ltr'>Antio·</span> 
     </span>
     <span class='ocr_line' id='line_1_34' title="bbox 478 3884 1805 3977; baseline 0.002 -24"><span class='ocrx_word' id='word_1_305' title='bbox 478 3886 592 3966; x_wconf 90' lang='lat' dir='ltr'>chiae;</span> <span class='ocrx_word' id='word_1_306' title='bbox 610 3884 731 3953; x_wconf 84' lang='lat' dir='ltr'>eodem</span> <span class='ocrx_word' id='word_1_307' title='bbox 747 3884 851 3953; x_wconf 88' lang='lat' dir='ltr'>modo</span> <span class='ocrx_word' id='word_1_308' title='bbox 867 3884 998 3973; x_wconf 89' lang='lat' dir='ltr'>legitur</span> <span class='ocrx_word' id='word_1_309' title='bbox 1010 3885 1048 3954; x_wconf 91' lang='grc'><strong>16</strong></span> <span class='ocrx_word' id='word_1_310' title='bbox 1068 3887 1210 3975; x_wconf 89' lang='lat' dir='ltr'>antiqua</span> <span class='ocrx_word' id='word_1_311' title='bbox 1221 3888 1376 3955; x_wconf 86' lang='lat' dir='ltr'>versione</span> <span class='ocrx_word' id='word_1_312' title='bbox 1388 3886 1509 3973; x_wconf 90' lang='lat' dir='ltr'>latina,</span> <span class='ocrx_word' id='word_1_313' title='bbox 1526 3887 1621 3956; x_wconf 91' lang='grc'><strong>66166</strong></span> <span class='ocrx_word' id='word_1_314' title='bbox 1635 3887 1805 3977; x_wconf 88' lang='lat' dir='ltr'>quaedam</span> 
     </span>
     <span class='ocr_line' id='line_1_35' title="bbox 478 3989 1804 4084; baseline 0.002 -25"><span class='ocrx_word' id='word_1_315' title='bbox 478 3992 675 4079; x_wconf 85' lang='lat' dir='ltr'>fragmenta</span> <span class='ocrx_word' id='word_1_316' title='bbox 701 3993 833 4081; x_wconf 89' lang='lat' dir='ltr'>reperit</span> <span class='ocrx_word' id='word_1_317' title='bbox 852 3994 886 4059; x_wconf 91' lang='grc'><strong>66</strong></span> <span class='ocrx_word' id='word_1_318' title='bbox 909 3989 1021 4071; x_wconf 88' lang='lat' dir='ltr'>edidit</span> <span class='ocrx_word' id='word_1_319' title='bbox 1043 3995 1075 4058; x_wconf 90' lang='lat' dir='ltr'><strong>S.</strong></span> <span class='ocrx_word' id='word_1_320' title='bbox 1097 3995 1229 4079; x_wconf 88' lang='lat' dir='ltr'>Berger</span> <span class='ocrx_word' id='word_1_321' title='bbox 1250 3999 1335 4061; x_wconf 84' lang='lat'>1895</span> <span class='ocrx_word' id='word_1_322' title='bbox 1361 3992 1453 4080; x_wconf 73' lang='lat' dir='ltr'>(tide</span> <span class='ocrx_word' id='word_1_323' title='bbox 1474 4016 1613 4084; x_wconf 89' lang='lat' dir='ltr'>quoque</span> <span class='ocrx_word' id='word_1_324' title='bbox 1637 3993 1752 4062; x_wconf 84' lang='lat' dir='ltr'>Belscr</span> <span class='ocrx_word' id='word_1_325' title='bbox 1768 3994 1804 4062; x_wconf 93' lang='grc'><strong>16</strong></span> 
     </span>
     <span class='ocr_line' id='line_1_36' title="bbox 478 4096 1806 4191; baseline 0 -24"><span class='ocrx_word' id='word_1_326' title='bbox 478 4098 592 4167; x_wconf 86' lang='lat' dir='ltr'>Theol.</span> <span class='ocrx_word' id='word_1_327' title='bbox 611 4096 895 4178; x_wconf 80' lang='lat' dir='ltr'>Quartalschritt,</span> <span class='ocrx_word' id='word_1_328' title='bbox 917 4097 1100 4185; x_wconf 83' lang='lat' dir='ltr'>Tubingen</span> <span class='ocrx_word' id='word_1_329' title='bbox 1124 4104 1209 4167; x_wconf 87' lang='grc'><strong>1896</strong></span> <span class='ocrx_word' id='word_1_330' title='bbox 1229 4121 1263 4188; x_wconf 90' lang='lat' dir='ltr'><strong>p.</strong></span> <span class='ocrx_word' id='word_1_331' title='bbox 1279 4097 1373 4187; x_wconf 84' lang='grc'><strong>691);</strong></span> <span class='ocrx_word' id='word_1_332' title='bbox 1391 4120 1424 4168; x_wconf 80' lang='lat' dir='ltr'>u.</span> <span class='ocrx_word' id='word_1_333' title='bbox 1437 4104 1479 4167; x_wconf 75' lang='lat'><strong>28</strong></span> <span class='ocrx_word' id='word_1_334' title='bbox 1501 4113 1534 4167; x_wconf 85' lang='lat' dir='ltr'><strong>et</strong></span> <span class='ocrx_word' id='word_1_335' title='bbox 1555 4122 1697 4191; x_wconf 74' lang='grc'><strong>66666666</strong></span> <span class='ocrx_word' id='word_1_336' title='bbox 1717 4123 1806 4167; x_wconf 69' lang='lat' dir='ltr'>uncis</span> 
     </span>
     <span class='ocr_line' id='line_1_37' title="bbox 479 4202 1802 4297; baseline 0.001 -24"><span class='ocrx_word' id='word_1_337' title='bbox 479 4205 582 4273; x_wconf 78' lang='grc'><strong>66616</strong></span> <span class='ocrx_word' id='word_1_338' title='bbox 595 4202 736 4272; x_wconf 80' lang='lat' dir='ltr'>nomine</span> <span class='ocrx_word' id='word_1_339' title='bbox 762 4205 907 4293; x_wconf 71' lang='lat' dir='ltr'>Apulus</span> <span class='ocrx_word' id='word_1_340' title='bbox 930 4224 1096 4291; x_wconf 89' lang='lat' dir='ltr'>surgens,</span> <span class='ocrx_word' id='word_1_341' title='bbox 1114 4203 1149 4271; x_wconf 94' lang='lat' dir='ltr'>in</span> <span class='ocrx_word' id='word_1_342' title='bbox 1169 4204 1309 4294; x_wconf 90' lang='lat' dir='ltr'>publico</span> <span class='ocrx_word' id='word_1_343' title='bbox 1330 4204 1484 4273; x_wconf 90' lang='lat' dir='ltr'>fidelium</span> <span class='ocrx_word' id='word_1_344' title='bbox 1514 4210 1685 4274; x_wconf 84' lang='lat' dir='ltr'>conventu</span> <span class='ocrx_word' id='word_1_345' title='bbox 1705 4206 1764 4297; x_wconf 86' lang='lat' dir='ltr'>(ci.</span> <span class='ocrx_word' id='word_1_346' title='bbox 1787 4213 1802 4274; x_wconf 91' lang='lat'>1</span> 
     </span>
     <span class='ocr_line' id='line_1_38' title="bbox 479 4307 1804 4400; baseline -0.001 -21"><span class='ocrx_word' id='word_1_347' title='bbox 479 4315 554 4379; x_wconf 93' lang='grc'><strong>666.</strong></span> <span class='ocrx_word' id='word_1_348' title='bbox 572 4316 684 4396; x_wconf 59' lang='lat' dir='ltr'>tuas.</span> <span class='ocrx_word' id='word_1_349' title='bbox 701 4308 772 4400; x_wconf 78' lang='lat'>30),</span> <span class='ocrx_word' id='word_1_350' title='bbox 789 4307 858 4377; x_wconf 89' lang='lat' dir='ltr'>nisi</span> <span class='ocrx_word' id='word_1_351' title='bbox 875 4308 1044 4377; x_wconf 88' lang='lat' dir='ltr'>malueris</span> <span class='ocrx_word' id='word_1_352' title='bbox 1066 4309 1181 4377; x_wconf 86' lang='lat' dir='ltr'>dicere</span> <span class='ocrx_word' id='word_1_353' title='bbox 1204 4309 1349 4377; x_wconf 84' lang='lat' dir='ltr'>verbum</span> <span class='ocrx_word' id='word_1_354' title='bbox 1365 4313 1447 4400; x_wconf 92' lang='lat' dir='ltr'>poni</span> <span class='ocrx_word' id='word_1_355' title='bbox 1461 4332 1555 4380; x_wconf 88' lang='lat' dir='ltr'>more</span> <span class='ocrx_word' id='word_1_356' title='bbox 1572 4311 1804 4380; x_wconf 85' lang='lat' dir='ltr'>Hebraeorum</span> 
     </span>
     <span class='ocr_line' id='line_1_39' title="bbox 481 4415 1806 4508; baseline 0 -24"><span class='ocrx_word' id='word_1_357' title='bbox 481 4418 637 4508; x_wconf 89' lang='lat' dir='ltr'>adeoque</span> <span class='ocrx_word' id='word_1_358' title='bbox 649 4418 720 4485; x_wconf 84' lang='grc'><strong>1666</strong></span> <span class='ocrx_word' id='word_1_359' title='bbox 735 4415 940 4494; x_wconf 75' lang='lat' dir='ltr'>abundum:</span> <span class='ocrx_word' id='word_1_360' title='bbox 958 4417 1097 4505; x_wconf 73' lang='grc' dir='ltr'><strong>Ἀγα16ς</strong></span> <span class='ocrx_word' id='word_1_361' title='bbox 1115 4416 1201 4484; x_wconf 83' lang='lat' dir='ltr'>sorte</span> <span class='ocrx_word' id='word_1_362' title='bbox 1221 4416 1365 4492; x_wconf 66' lang='grc'><strong>6666661</strong></span> <span class='ocrx_word' id='word_1_363' title='bbox 1388 4416 1574 4500; x_wconf 60' lang='grc'><strong>66616265</strong></span> <span class='ocrx_word' id='word_1_364' title='bbox 1593 4434 1676 4484; x_wconf 72' lang='lat' dir='ltr'>onan</span> <span class='ocrx_word' id='word_1_365' title='bbox 1691 4415 1806 4485; x_wconf 87' lang='lat' dir='ltr'>reddi·</span> 
     </span>
     <span class='ocr_line' id='line_1_40' title="bbox 479 4520 1798 4615; baseline 0 -25"><span class='ocrx_word' id='word_1_366' title='bbox 479 4530 535 4590; x_wconf 92' lang='lat' dir='ltr'><strong>tur</strong></span> <span class='ocrx_word' id='word_1_367' title='bbox 548 4523 644 4613; x_wconf 89' lang='lat' dir='ltr'>apud</span> <span class='ocrx_word' id='word_1_368' title='bbox 662 4524 755 4591; x_wconf 84' lang='lat' dir='ltr'><strong>LXX</strong></span> <span class='ocrx_word' id='word_1_369' title='bbox 772 4522 908 4610; x_wconf 74' lang='grc' dir='ltr'><strong>Ἀγα6άς</strong></span> <span class='ocrx_word' id='word_1_370' title='bbox 926 4520 1011 4589; x_wconf 91' lang='lat' dir='ltr'>item</span> <span class='ocrx_word' id='word_1_371' title='bbox 1029 4522 1115 4590; x_wconf 90' lang='lat' dir='ltr'>Neh.</span> <span class='ocrx_word' id='word_1_372' title='bbox 1136 4529 1233 4604; x_wconf 79' lang='grc'><strong>7,68;</strong></span> <span class='ocrx_word' id='word_1_373' title='bbox 1251 4523 1324 4591; x_wconf 87' lang='grc'><strong>6166</strong></span> <span class='ocrx_word' id='word_1_374' title='bbox 1338 4544 1472 4615; x_wconf 87' lang='lat' dir='ltr'>quoque</span> <span class='ocrx_word' id='word_1_375' title='bbox 1486 4522 1664 4592; x_wconf 82' lang='grc'><strong>6666616116</strong></span> <span class='ocrx_word' id='word_1_376' title='bbox 1677 4530 1798 4608; x_wconf 74' lang='lat'><strong>21‚10;</strong></span> 
     </span>
     <span class='ocr_line' id='line_1_41' title="bbox 479 4628 1801 4721; baseline 0 -24"><span class='ocrx_word' id='word_1_377' title='bbox 479 4629 698 4721; x_wconf 77' lang='lat' dir='ltr'>siqnificubut</span> <span class='ocrx_word' id='word_1_378' title='bbox 704 4651 773 4720; x_wconf 82' lang='lat' dir='ltr'>per</span> <span class='ocrx_word' id='word_1_379' title='bbox 793 4628 958 4720; x_wconf 81' lang='lat' dir='ltr'>spiritum</span> <span class='ocrx_word' id='word_1_380' title='bbox 977 4628 1113 4717; x_wconf 76' lang='lat' dir='ltr'>famem</span> <span class='ocrx_word' id='word_1_381' title='bbox 1136 4651 1300 4721; x_wconf 70' lang='grc'><strong>66666666</strong></span> <span class='ocrx_word' id='word_1_382' title='bbox 1315 4632 1475 4720; x_wconf 74' lang='lat' dir='ltr'>futuram</span> <span class='ocrx_word' id='word_1_383' title='bbox 1495 4628 1703 4698; x_wconf 80' lang='grc'><strong>1666166666</strong></span> <span class='ocrx_word' id='word_1_384' title='bbox 1723 4631 1801 4697; x_wconf 79' lang='lat' dir='ltr'>orbe</span> 
     </span>
     <span class='ocr_line' id='line_1_42' title="bbox 479 4733 1802 4828; baseline 0.001 -26"><span class='ocrx_word' id='word_1_385' title='bbox 479 4749 670 4820; x_wconf 61' lang='lat' dir='ltr'>terrorum</span> <span class='ocrx_word' id='word_1_386' title='bbox 680 4735 808 4804; x_wconf 87' lang='lat' dir='ltr'>suflicit</span> <span class='ocrx_word' id='word_1_387' title='bbox 823 4736 997 4828; x_wconf 82' lang='lat' dir='ltr'>explicare</span> <span class='ocrx_word' id='word_1_388' title='bbox 1013 4733 1057 4803; x_wconf 91' lang='lat' dir='ltr'>de</span> <span class='ocrx_word' id='word_1_389' title='bbox 1075 4734 1223 4826; x_wconf 89' lang='lat' dir='ltr'>imperio</span> <span class='ocrx_word' id='word_1_390' title='bbox 1240 4758 1399 4819; x_wconf 85' lang='lat' dir='ltr'>remano,</span> <span class='ocrx_word' id='word_1_391' title='bbox 1416 4736 1511 4827; x_wconf 93' lang='lat' dir='ltr'>quod</span> <span class='ocrx_word' id='word_1_392' title='bbox 1527 4736 1565 4805; x_wconf 92' lang='lat' dir='ltr'>in</span> <span class='ocrx_word' id='word_1_393' title='bbox 1582 4737 1751 4827; x_wconf 89' lang='lat' dir='ltr'>scriptura</span> <span class='ocrx_word' id='word_1_394' title='bbox 1768 4742 1802 4805; x_wconf 89' lang='lat' dir='ltr'><strong>et</strong></span> 
     </span>
    </p>
   </div>
   <div class='ocr_carea' id='block_1_7' title="bbox 0 0 2050 5490">
    <p class='ocr_par' dir='ltr' id='par_1_8' title="bbox 0 0 2050 5490">
     <span class='ocr_line' id='line_1_43' title="bbox 0 0 2050 5490; baseline 0 1"><span class='ocrx_word' id='word_1_395' title='bbox 0 0 2050 5490; x_wconf 95' lang='lat' dir='ltr'><strong> </strong></span> 
     </span>
    </p>
   </div>
  </div>
 </body>
</html>
