4054 5442
285 334 344 392 tre
846 347 911 393 aur.
936 329 1054 403 ‘idi-2.

280 480 408 549 divinis
431 479 597 567 leguntur
619 501 691 548 osse
714 479 906 569 conscripta
932 506 962 544 ».
990 477 1085 546 Unde
1106 482 1175 544 tres
1193 473 1294 565 quasi
1312 477 1426 564 partes
1442 475 1608 543 orationis

282 585 562 674 distinguuntur3
588 586 626 654 iu
654 586 770 677 priore
798 584 905 650 vitam
927 604 1026 650 suam
1052 581 1201 672 explicat
1225 580 1407 671 pristinam
1431 580 1610 668 prooemio

281 693 471 784 praemisso
487 693 534 781 (v.
551 692 640 779 2-7),
659 691 697 756 in
712 689 821 756 altera
835 686 986 771 declarat
1002 685 1177 777 quomodo
1192 686 1355 754 adfidcm
1369 685 1504 754 llessiae
1518 684 1609 752 etad

279 798 549 891 praedicandam
573 793 735 882 gentibus
758 813 836 860 eam
860 791 963 859 fidem
986 791 1153 859 adductus
1173 790 1218 859 sit
1243 794 1289 880 (v.
1314 792 1430 881 8-18);
1452 793 1489 859 in
1509 793 1608 858 tertia

280 911 380 997 parte
400 905 493 971 hanc
510 895 804 991 praedicationem
825 895 986 984 gentibus
1010 897 1134 966 iactam
1157 896 1290 965 iudicat
1303 918 1443 966 eaumm
1460 920 1532 966 esse
1547 920 1610 964 cur

282 1008 402 1079 ludaei
421 1011 567 1075 mortem
591 1023 689 1071 snam
708 1003 898 1071 moliantur
915 1003 961 1092 (v,
981 1003 1110 1094 19-23).
1132 1002 1285 1071 Ostendit
1301 1002 1420 1093 itaque
1435 1005 1608 1094 Agrippae

283 1116 372 1202 regi,
394 1111 439 1179 ad
454 1132 557 1202 quem
575 1114 650 1179 tote
661 1110 772 1177 oratio
786 1107 962 1196 dirigitur,
979 1131 1015 1177 se
1031 1132 1100 1178 ucn
1114 1131 1187 1179 esse
1198 1113 1390 1200 apostatam
1405 1130 1425 1175 a
1440 1108 1607 1194 religione

283 1225 448 1311 paterna,
465 1238 543 1286 cum
563 1216 681 1284 credat
698 1216 737 1284 in
754 1213 923 1295 llessiam3
940 1214 1139 1305 praedicare
1158 1216 1320 1305 gentibus
1339 1236 1374 1282 se
1393 1213 1522 1281 iussum
1537 1235 1607 1280 esse

285 1323 405 1393 divino
436 1322 600 1391 mandato
634 1338 780 1412 eamque
802 1319 1098 1411 praedicationem
1123 1322 1226 1412 plane
1246 1327 1514 1390 consentaneam
1538 1340 1607 1386 esse

285 1429 360 1521 legi
386 1433 421 1499 et
441 1428 623 1520 prophetis
639 1426 697 1516 (ct.
723 1425 841 1515 rete).
867 1425 1063 1494 Orationem
1082 1427 1127 1494 ad
1146 1426 1384 1496 defensionem
1401 1426 1499 1494 Pauli
1513 1430 1547 1494 et
1563 1423 1606 1492 ad

285 1536 439 1606 indolem
454 1532 629 1624 Agrippae
644 1554 749 1622 quam
761 1531 909 1600 maxime
926 1554 999 1601 esse
1012 1539 1140 1623 aptam,
1156 1532 1278 1619 lugere
1292 1537 1404 1622 potest
1418 1534 1603 1611 neminem,

285 1644 347 1734 qui
365 1638 578 1710 conditiones
593 1659 709 1708 rerum
724 1637 935 1728 expenderit.

327 1750 446 1816 Festus
459 1743 668 1829 remiseris,
685 1744 890 1835 praesertim
902 1750 1018 1827 2536,
1033 1744 1167 1812 urbane
1181 1744 1388 1811 invitaverat
1401 1744 1602 1835 Agrippam,

281 1853 371 1922 utin
385 1848 664 1942 eo'inquisitionc
678 1850 811 1940 primas
828 1849 895 1917 sibi
912 1854 1103 1918 assumeret
1116 1854 1231 1939 partes
1237 1875 1246 1935 3
1266 1873 1299 1918 v.
1320 1849 1509 1941 ltprippo
1530 1872 1605 1918 uero

280 1959 330 2027 od
345 1953 497 2027 Paulum
515 1955 567 2023 ait
581 1954 827 2046 :permittitur
845 1955 911 2023 tibi
929 1954 1026 2046 loqui
1040 1977 1105 2045 pro
1121 1955 1299 2045 temetipso
1305 1976 1321 2042 ,·
1335 1956 1452 2023 adstat
1468 1957 1603 2041 Paulus,

280 2070 387 2157 prout
408 2063 439 2132 ei
464 2060 683 2153 preadictum
708 2066 783 2130 erat
805 2068 896 2145 att,
926 2068 965 2129 ut
987 2067 1102 2151 portet
1127 2083 1252 2129 nomen
1271 2067 1346 2130 lesu
1366 2063 1470 2130 etiam
1490 2083 1605 2130 coram

203 2238 206 2242 Α
281 2169 442 2259 regibus;
458 2167 497 2237 id
510 2166 569 2237 bic
581 2168 676 2250 iacit,
691 2166 728 2235 id
742 2171 870 2236 Romae
883 2189 1022 2258 quoque
1038 2188 1116 2236 eum
1131 2169 1261 2250 iecisse,
1275 2190 1354 2236 cum
1369 2190 1471 2236 causa
1486 2167 1605 2259 appel-

281 2273 423 2344 lationis
443 2273 555 2342 iactae
576 2278 739 2362 ageretur
761 2272 853 2363 apud
877 2276 1070 2358 Caesmem,
1091 2295 1193 2340 nemo
1212 2273 1313 2341 facile
1334 2274 1531 2341 indubium
1545 2296 1603 2341 vo·

281 2381 430 2461 caverit3
458 2391 540 2448 tunc
563 2376 695 2447 Paulus
717 2389 855 2447 extenta
876 2401 981 2447 rotome
1002 2401 1096 2446 more
1120 2385 1312 2460 oratorum;
1334 2381 1513 2447 rhetorum
1532 2400 1605 2445 mo·

282 2510 355 2556 rem
389 2483 551 2554 describit
571 2482 737 2575 Apuleius
763 2506 772 2553 :
802 2485 951 2575 porrigit
972 2485 1148 2554 dexteram
1176 2491 1211 2554 et
1234 2487 1279 2554 ad
1302 2487 1410 2553 instar
1431 2492 1604 2553 oratorum

281 2593 477 2662 conformat
504 2589 708 2674 articulum,
746 2590 949 2681 duobusque
981 2590 1110 2658 intimis
1138 2592 1307 2659 conclusis
1334 2591 1454 2679 digitis
1479 2598 1604 2659 eeteros

280 2699 473 2767 eminentes
493 2695 643 2787 porrigit
667 2693 870 2784 (rtet.r,r1;
897 2697 942 2763 W
943 2695 1095 2786 etstein);
1117 2701 1168 2764 est
1181 2703 1297 2764 autem
1311 2706 1378 2786 χείρ
1392 2717 1514 2764 manus
1526 2719 1603 2765 curn

279 2801 426 2872 brachio
441 2799 525 2893 (Bt.)
541 2799 653 2893 coepit
668 2800 837 2868 rationem
852 2799 1014 2887 reddere,·
1024 2807 1121 2869 notat
1139 2801 1247 2871 Calui.
1262 2824 1276 2867 .·
1292 2831 1308 2863 «
1325 2809 1466 2871 catenae
1481 2803 1605 2893 quibus

280 2916 363 2978 tuuc
385 2906 614 2988 vinciebatur,
639 2906 712 2976 aire
731 2906 865 2976 laevam
879 2907 1119 2976 tantummodo
1137 2907 1375 2999 impediebant
1388 2909 1458 2977 sive
1475 2916 1603 2977 utram-

278 3037 348 3107 que
360 3033 516 3096 manum,
532 3012 593 3082 sed
606 3011 738 3081 laxiore
751 3034 858 3095 nexu3
874 3034 938 3082 neo
950 3014 1037 3082 forte
1053 3034 1176 3100 graves
1191 3021 1291 3082 erant
1306 3014 1402 3097 adeo,
1421 3022 1459 3082 ut
1475 3022 1603 3083 motum

278 3128 313 3190 et
343 3126 480 3209 gestum
501 3117 726 3210 impedirent;
757 3119 908 3209 profecto
933 3118 1061 3209 captivi
1086 3118 1302 3207 longioribus
1328 3122 1459 3188 catenis
1483 3121 1604 3189 vinciri

280 3226 438 3294 solebant
452 3223 698 3313 habebantque
716 3222 839 3292 iisdem
859 3224 1003 3292 vinculis
1017 3224 1199 3312 alligatum
1217 3226 1378 3306 militem,
1395 3228 1556 3294 comitem
1572 3234 1605 3293 ot

282 3329 461 3400 custodem
477 3333 682 3421 perpetuum
700 3358 732 3396 ».
750 3328 845 3398 llisce
857 3329 1003 3397 solvitur
1020 3330 1202 3420 scrupulus
1216 3333 1278 3421 qui
1291 3332 1363 3398 viro
1379 3334 1496 3399 critico
1511 3332 1603 3424 Hilp.

282 3438 370 3506 adeo
391 3436 509 3526 gravis
532 3434 681 3521 videtur,
705 3442 743 3504 ut
759 3458 837 3503 oum
862 3435 966 3504 etiam
991 3437 1111 3504 afferat
1132 3437 1223 3504 iuter
1241 3437 1310 3504 alia
1330 3439 1372 3505 ad
1399 3437 1501 3505 fidem
1526 3462 1603 3506 ura·

282 3544 387 3612 tionis
401 3540 697 3633 impugnandam,
716 3564 842 3633 nempe
857 3541 1031 3633 quomodo
1050 3542 1182 3610 rinctus
1201 3543 1385 3611 extendere
1409 3547 1514 3634 possit
1533 3568 1603 3613 ma-

281 3671 347 3718 nus
362 3686 405 3702 -
420 3654 471 3716 est
484 3648 556 3717 scil.
574 3646 769 3716 observatio
784 3648 857 3717 viro
873 3648 990 3716 critico
1005 3649 1129 3736 digna!

326 3754 485 3825 Oratorio
517 3753 624 3822 modo
657 3754 874 3844 prooemium
909 3753 1081 3846 quoddam
1117 3776 1197 3822 cum
1229 3755 1377 3845 quadam
1412 3759 1603 3848 captatione

279 3860 542 3930 benevolentiae
562 3859 755 3951 praemittit
777 3856 821 3947 (u.
847 3865 881 3927 ἓ.
905 3860 953 3948 3).
977 3890 993 3921 «
1015 3859 1139 3929 Paulus
1158 3869 1335 3951 praesente
1357 3864 1508 3954 Agrippa
1522 3884 1603 3951 rege

278 3967 320 4037 de
349 3967 556 4035 criminibus
584 3988 821 4058 responsurus,
853 3967 947 4057 quod
979 3967 1086 4057 possit
1119 3968 1313 4058 intelligere
1339 3971 1399 4060 qui
1426 3971 1604 4037 auditurus

278 4079 369 4156 erat,
393 4095 535 4143 securus
553 4072 597 4141 de
616 4094 739 4142 causae
756 4071 900 4141 victoria
922 4073 1035 4140 statim
1059 4075 1093 4142 in
1114 4074 1287 4167 principio
1307 4076 1372 4143 sibi
1397 4078 1600 4165 gratulatur.

177 4251 184 4263 ,
278 4185 425 4269 Legerat
447 4178 542 4247 enim
567 4177 653 4245 illud
673 4183 747 4247 lesu
772 4179 889 4269 (Eccli.
908 4180 1024 4265 tm)
1048 4202 1056 4247 :
1077 4182 1199 4249 beatus
1213 4182 1274 4271 qui
1286 4182 1439 4273 loquitur
1451 4185 1487 4250 iu
1506 4204 1604 4251 aures

280 4285 470 4367 audientis,
495 4289 529 4353 et
553 4290 698 4353 noverat
718 4288 851 4353 tantum
874 4287 1019 4353 oratoris
1038 4286 1143 4354 verba
1161 4288 1347 4378 proficere,
1370 4299 1537 4379 quantum
1552 4289 1603 4358 iu·

281 4392 368 4463 dieis
399 4390 619 4484 providentia
650 4391 908 4479 cognovisset»
935 4392 1193 4483 (Hieronymus,
1219 4394 1318 4484 epist.
1348 4402 1444 4479 57,1;
1468 4399 1516 4465 M.
1546 4402 1600 4475 22,

281 4501 381 4590 568),
407 4521 441 4569 v.
466 4504 488 4566 ἲ
512 4495 555 4566 de
577 4496 737 4565 omnibus
758 4498 880 4589 quibus
896 4521 1072 4569 accersoro
1091 4499 1241 4585 Iudaeis,
1265 4523 1326 4568 reu·
1349 4503 1522 4595 Agrippa,
1545 4525 1604 4571 oe·

281 4607 384 4676 stimo
399 4627 455 4674 me
476 4606 613 4674 beatum
634 4603 733 4696 opud
745 4616 776 4672 te
792 4627 869 4673 cum
889 4607 951 4674 sim
972 4605 1176 4697 defensurus
1192 4630 1247 4675 me
1261 4606 1384 4695 hodie,·
1397 4612 1431 4677 in
1450 4610 1509 4677 itlo
1525 4612 1603 4677 beo-

281 4726 399 4782 tum...
422 4712 500 4781 laus
526 4711 701 4802 Agrippae
724 4711 918 4782 continetur
941 4719 975 4782 et
997 4714 1125 4782 fiducia
1141 4714 1191 4782 rei
1209 4736 1314 4805 quam
1330 4715 1434 4783 habet
1453 4715 1497 4783 de
1512 4717 1603 4806 regis
