4054 5442
236 333 297 392 ttt
557 386 560 391 .
677 358 683 368 ·
775 349 843 395 scr.
866 332 1023 408 nessei.

238 502 272 572 p.
288 487 371 561 tt&
397 479 528 561 Winer,
545 487 644 566 tt,1;
660 484 851 549 Buttmann
862 506 898 571 p.
914 481 1007 569 ent).
1020 479 1086 547 Alii
1099 478 1302 571 praeterunt
1312 485 1398 566 πείθῃ
1414 476 1479 544 tibi
1489 499 1564 567 per·

235 585 374 671 suades,
392 588 566 657 existimas
580 609 636 655 me
648 586 793 654 reddere
813 587 1041 655 christianum
1060 584 1200 675 (Bets.);
1224 591 1256 653 ὲν
1278 592 1373 673 ὀλίγῳ
1389 580 1563 672 explican-

235 692 319 761 dum
335 693 401 762 etit
414 716 493 762 cum
518 696 596 762 Oec.
619 692 660 759 δι’
681 699 791 776 ὀλίγων
813 697 965 778 ῥημάτων,
988 699 1019 758 ὲν
1031 699 1156 779 βραχέσι
1180 696 1304 777 λόγοις,
1330 696 1425 779 χωρὶς
1446 696 1562 757 πολλοῦ

234 806 342 884 atreo,
358 801 409 869 ite
425 805 463 868 ut
477 807 508 867 ἐν
524 797 660 864 dicatur
677 794 722 861 de
742 793 974 862 instrumento
999 818 1006 863 :
1032 817 1138 885 parvo
1159 794 1294 874 labere,
1317 802 1349 864 ὲν
1371 803 1460 884 ὀλίγῃ
1483 801 1563 863 διδα-

236 916 362 998 σκαλίᾳ,
381 924 492 994 parva
513 923 575 969 seu
595 900 694 966 brevi
722 898 930 989 expositione
945 899 1033 967 milri
1054 900 1260 989 persuades;
1277 900 1338 967 alii
1359 900 1530 992 explicant
1551 922 1559 969 :

233 1000 333 1081 brevi
351 1016 509 1097 tempore
523 1005 589 1074 tibi
601 1004 833 1096 persuadeste
846 1005 1074 1074 christianum
1088 1027 1145 1073 me
1168 1004 1359 1073 reddidisse
1377 1005 1475 1095 (Bt).
1492 1011 1563 1084 Quo

232 1137 334 1185 sensu
352 1115 439 1182 haec
455 1135 476 1181 a
494 1134 580 1201 rege
595 1111 768 1194 dicantur,
788 1110 925 1179 videtur
942 1112 1077 1181 desumi
1091 1133 1190 1204 posse
1211 1133 1253 1179 ex
1272 1132 1435 1201 responso
1452 1111 1559 1194 Pauli,

233 1244 273 1290 ax
285 1242 354 1311 quo
377 1220 596 1288 eamumesse
614 1219 752 1286 videtur
766 1218 855 1285 haec
877 1239 949 1285 non
968 1217 1037 1286 dici
1052 1216 1077 1286 'a
1093 1240 1177 1307 rege
1198 1216 1329 1286 ironice
1343 1223 1380 1285 et
1397 1216 1560 1284 derisorie

234 1324 340 1418 (Beel.
354 1324 437 1417 Bt),
449 1347 566 1417 neque
577 1323 726 1392 iocando
738 1323 880 1414 (Pata),
895 1322 955 1391 sad
967 1324 1079 1415 potius
1089 1345 1169 1392 curn
1184 1324 1303 1414 aliqua
1317 1322 1557 1402 admiratione,

233 1431 328 1524 quod
349 1432 477 1501 Paulus
495 1431 657 1499 videatur
669 1430 799 1498 interre
819 1452 860 1497 ex
883 1451 923 1498 co
943 1428 1037 1519 quod
1058 1451 1119 1497 rex
1142 1430 1322 1521 prophetis
1344 1429 1465 1498 credat
1482 1450 1560 1499 eum

232 1539 336 1608 etiam
355 1540 472 1606 statim
485 1536 688 1625 agniturum
704 1557 775 1604 esse
790 1541 901 1603 lesum
919 1536 1082 1603 tlessiam.
1099 1534 1173 1602 'lali
1187 1535 1436 1603 exclamatione
1449 1535 1561 1604 admi-

231 1644 378 1713 rationis
391 1643 436 1709 de
450 1641 612 1731 opinione
629 1641 727 1710 Pauli
743 1641 830 1708 adeo
849 1640 1010 1709 celeriter
1028 1646 1192 1733 concepta
1206 1640 1362 1732 Agrippa
1380 1645 1415 1709 et
1438 1645 1561 1710 Roma-

231 1751 285 1818 nis
296 1747 448 1817 consulit
461 1752 497 1814 et
510 1747 657 1816 ludaeis.
679 1745 754 1815 Illis
765 1738 1099 1838 eximit'opinionem
1119 1767 1161 1814 ac
1176 1746 1205 1815 si
1223 1745 1373 1815 multum
1392 1746 1559 1815 momenti

230 1853 426 1923 rationibus
445 1851 543 1921 Pauli
563 1852 786 1935 attribueret3
807 1851 899 1920 hisee
921 1852 1129 1920 declaratae
1157 1852 1303 1943 quidem
1323 1853 1463 1921 credere
1481 1875 1561 1943 pro·

231 1961 347 2052 phetis
362 1959 458 2050 (nam
471 1958 560 2026 illud
580 1958 698 2027 Pauli:
715 1959 786 2027 scio
801 1963 834 2026 te
849 1958 1005 2041 credere,
1023 1979 1093 2026 non
1107 1960 1243 2049 negat),
1259 1962 1411 2026 attamen
1423 1956 1563 2026 oracula

230 2067 265 2133 in
286 2069 360 2135 lesu
381 2086 454 2134 esse
477 2064 652 2156 completa
670 2084 742 2132 non
760 2064 863 2133 sibia
881 2064 987 2132 Paulo
1000 2058 1204 2154 persuaderi
1222 2071 1257 2132 et
1276 2064 1421 2132 Paulum
1439 2064 1514 2133 falli
1532 2063 1562 2132 si

228 2176 328 2264 putet
341 2173 417 2240 sine
443 2170 554 2240 multo
566 2169 686 2237 labore
699 2170 767 2237 boe
785 2169 1026 2238 demonstrari.
1044 2174 1191 2238 censent
1206 2169 1350 2260 quidem
1364 2168 1424 2238 alii
1442 2191 1561 2258 regem

230 2278 319 2346 serio
334 2277 460 2345 dixisse
472 2298 544 2345 nou
552 2276 700 2343 multum
711 2266 829 2346 deesse
841 2281 879 2342 ut
888 2274 955 2343 sibi
968 2275 1218 2365 persuadeatur
1227 2275 1285 2365 (cl.
1296 2274 1383 2345 Fett.
1407 2274 1558 2361 Weudt);

230 2404 351 2453 verum
369 2383 463 2452 hanc
484 2380 580 2471 regis
600 2385 752 2449 mentem
772 2402 842 2449 non
864 2376 970 2448 fuisse
985 2403 1106 2449 censeo
1129 2380 1202 2449 iam
1220 2403 1261 2449 ex
1284 2403 1325 2449 eo
1343 2380 1427 2472 quia
1447 2381 1560 2452 statim

229 2490 395 2558 ulteriore
414 2486 654 2579 disquisitione
673 2487 798 2555 omissa
816 2482 959 2555 recedit.
976 2493 1120 2577 lnsuper
1137 2487 1330 2578 plurimum
1342 2488 1478 2557 deterre
1497 2491 1560 2556 tto·

230 2595 340 2663 manis
355 2595 512 2685 Agrippa
523 2592 668 2662 solebat.
681 2597 790 2671 Quare
801 2615 874 2661 non
890 2597 972 2683 puto
987 2615 1067 2661 eum
1083 2594 1152 2662 tale
1169 2592 1255 2685 quid
1272 2593 1444 2662 dicturum
1459 2593 1562 2663 fuisse

229 2706 434 2790 tantumque
467 2698 615 2768 voluisse
646 2698 800 2767 tribuere
831 2699 947 2767 verbis
965 2699 1077 2781 Pauli,
1100 2706 1285 2791 postquam
1310 2703 1425 2768 Festus
1445 2699 1530 2768 dixit
1549 2720 1559 2768 z

228 2805 376 2887 insanis,
396 2804 516 2888 Paule,
536 2810 603 2873 etc.
625 2803 693 2872 Sed
712 2803 914 2873 exclamatio
932 2825 1011 2871 cum
1032 2805 1261 2873 admiratione
1283 2804 1466 2874 coniuncta
1485 2803 1563 2873 talis

229 2917 298 2995 est,
311 2932 382 3002 qua
399 2914 516 2980 Festus
532 2910 579 2978 ab
597 2909 674 3000 ipso
691 2931 773 2997 rege
788 2909 988 2978 confirmari
1005 2910 1103 2978 audit
1119 2911 1263 2979 Paulum
1284 2911 1412 2980 limites
1430 2911 1563 2980 fervore

198 3098 200 3102 ¹
228 3016 367 3085 dicandi
381 3037 454 3084 esse
465 3021 775 3108 praetergressum.

274 3122 471 3213 Respondet
490 3120 617 3190 Paulus
633 3143 699 3213 pro
719 3142 781 3190 suo
800 3121 994 3190 animarum
1015 3122 1110 3202 zelo,
1128 3144 1165 3190 se
1188 3122 1343 3190 omnium
1366 3122 1561 3193 conversio-

228 3249 310 3297 ncm
325 3233 491 3318 exoptare
508 3248 623 3317 neque
646 3247 710 3293 sua
732 3226 876 3308 referre,
893 3230 1010 3293 utrum
1029 3248 1137 3317 parvo
1159 3226 1280 3296 labore
1301 3249 1347 3295 an
1366 3249 1495 3317 magno
1511 3229 1560 3298 et·

227 3333 366 3401 ficiatur
379 3354 413 3401 v.
430 3339 473 3401 tt
487 3343 522 3400 et
536 3330 670 3400 Paulus
684 3351 698 3397 .·
712 3344 791 3422 opto
806 3330 902 3422 apud
914 3335 1034 3416 Dauus,
1049 3338 1153 3401 Deum
1172 3333 1309 3426 precari
1320 3334 1425 3403 velim
1439 3334 1559 3424 (lieet.)

228 3453 262 3507 et
273 3438 312 3508 in
326 3437 462 3507 modico
477 3448 512 3506 et
522 3437 562 3506 in
575 3459 717 3527 maquo,
731 3438 802 3504 sive
813 3436 947 3505 modico
956 3439 1027 3505 sive
1041 3460 1170 3528 magno
1184 3438 1302 3508 labore
1315 3462 1404 3531 opus
1417 3442 1476 3525 sit,
1490 3464 1558 3509 nou

229 3556 367 3613 tutatum
380 3557 425 3629 te,
442 3543 620 3613 sedetiam
634 3564 752 3611 omnes
769 3542 834 3633 qui
845 3541 996 3611 audiunt
1008 3542 1112 3613 hodie
1122 3544 1204 3632 fieri
1216 3545 1302 3613 tales
1318 3545 1435 3637 piratis
1447 3559 1482 3614 et
1496 3570 1559 3637 epo

227 3673 318 3733 stim,
333 3651 485 3743 exceptis
501 3649 650 3719 vinculis
666 3649 721 3717 tris
738 3647 775 3715 id
794 3648 889 3739 quod
908 3670 989 3717 sane
1007 3649 1220 3718 subridendo
1236 3651 1390 3729 addidit;
1413 3681 1429 3714 a
1450 3658 1559 3721 totum

228 3779 430 3848 responsum
446 3763 481 3826 et
492 3756 763 3826 urbanissimum
778 3761 812 3822 et
823 3755 1013 3823 christiano
1023 3755 1163 3824 homine
1174 3756 1354 3845 dignissim
1360 3779 1417 3827 um
1431 3787 1446 3818 a
1460 3758 1557 3848 (Bt).

228 3867 355 3932 Verum
370 3885 431 3932 rex
444 3863 600 3932 ulteriori
615 3859 850 3953 disquisitioni
871 3860 976 3929 tinem
1001 3860 1152 3952 imponit
1177 3862 1321 3932 fortasse
1345 3866 1489 3948 veritus,
1514 3886 1558 3933 ne

227 3968 352 4036 Paulus
374 3973 451 4059 post
477 3968 701 4038 audaciorem
726 3966 824 4035 illam
854 3967 1090 4057 quaestionem
1119 3990 1151 4037 v.
1177 3975 1220 4036 2¹1
1246 3978 1370 4059 pergat
1400 3970 1560 4061 pluribus

226 4075 341 4164 ipsum
355 4096 483 4163 urgere
498 4080 534 4144 et
543 4075 708 4167 prosequi
721 4071 817 4166 quod
831 4073 936 4142 modo
951 4073 1164 4143 indicaverat
1190 4098 1209 4143 a
1225 4097 1262 4144 se
1282 4076 1449 4144 ardenter
1472 4075 1560 4144 desi·

229 4179 359 4259 derari;
371 4202 404 4248 v.
417 4187 460 4248 30
470 4190 504 4249 ct
517 4179 711 4249 excurrerit
718 4203 779 4248 res
789 4192 822 4248 et
829 4201 969 4269 praeses
977 4193 1011 4248 et
1027 4180 1169 4249 Bemice
1183 4194 1216 4249 et
1231 4180 1497 4273 qniassidetaut
1507 4180 1557 4251 eis

229 4287 342 4374 surgit
353 4286 489 4378 primus
504 4308 573 4370 rex,
595 4286 721 4377 reliqui
743 4308 783 4354 ex
802 4286 981 4374 diguitatis
993 4288 1134 4370 ordine;
1156 4309 1188 4356 r.
1207 4294 1247 4356 31
1264 4300 1299 4356 et
1313 4310 1392 4356 cunr
1406 4288 1558 4358 secessis-

227 4406 313 4476 sent,
325 4392 372 4461 ad
381 4392 670 4462 deliberationem
678 4391 888 4475 habendam,
900 4393 1104 4477 ridesque,
1118 4393 1405 4485 loquebantarad
1414 4395 1556 4465 inuicem

230 4496 398 4579 dieentes,
413 4499 496 4591 qrcru
513 4498 607 4568 niti!
623 4510 730 4567 morta
750 4510 810 4566 aut
829 4498 979 4568 vincariis
992 4499 1138 4591 dipsium
1158 4500 1248 4592 quid
1261 4501 1345 4591 fecit
1360 4501 1461 4570 tomo
1480 4501 1554 4588 iste,

228 4612 353 4694 πράσσει
366 4605 452 4694 agit,
466 4611 608 4690 tractat3
628 4632 645 4668 «
654 4605 774 4674 dicunt
784 4605 820 4671 in
832 4606 1014 4694 praesenti,
1029 4607 1111 4697 quia
1126 4606 1350 4676 considerant
1362 4610 1557 4676 universam

226 4709 319 4779 vitae
330 4711 429 4779 Pauli
448 4711 619 4781 rationem
633 4733 697 4780 seu
710 4711 905 4804 iustitutum
922 4741 938 4773 a
962 4711 1068 4802 (itaet.
1087 4716 1186 4782 Patr.
1231 4712 1349 4799 Felt.);
1367 4715 1429 4803 gig
1442 4713 1558 4783 nihil..
