4054 5442
1000 245 1066 290 ιιι.
1090 229 1250 320 ease-to.
1733 237 1790 295 ur

459 377 575 466 ponit,
601 377 657 444 vel
681 387 874 465 ιιρηγκύνιιι,
895 397 937 442 eo
953 375 1047 464 quod
1063 381 1173 442 terrae
1190 375 1341 444 motibus
1355 376 1404 443 ibi
1418 399 1439 444 a
1458 379 1654 448 continente
1674 381 1790 449 Sicilia

458 484 503 549 sit
520 484 671 572 abrupta
686 483 750 568 (ἀφ’
770 483 803 549 οὗ
825 488 860 564 δὴ
879 481 1005 567 Ῥήγιον
1020 488 1224 564 κικλήσκεται,
1240 489 1278 549 ut
1293 484 1342 550 ait
1354 482 1567 573 Aeschylus),
1584 486 1700 554 veleb
1722 487 1795 557 eius

457 587 660 678 splendore,
688 586 788 652 ouius
807 585 923 672 gratie
944 586 1113 654 Samnites
1129 587 1252 655 urbem
1274 588 1379 656 latine
1397 588 1495 679 quasi
1509 590 1655 679 Regiam
1673 616 1794 661 vocas-

457 694 533 762 sent
555 693 682 780 (e,1‚e;
707 690 753 757 al.
777 692 877 781 258);
902 698 953 761 est
975 693 1088 760 urbse
1104 694 1249 782 regione
1263 699 1448 779 ltessanae,
1464 695 1592 764 distans
1606 719 1628 765 a
1640 703 1788 767 Messena

457 796 602 865 traiectu
625 796 821 866 stadiorum
838 800 1018 887 sexaginta
1038 799 1173 888 (Strabo
1196 806 1310 883 6,2,3;
1336 801 1383 868 al.
1400 801 1493 891 268),
1510 809 1663 871 extrema
1676 804 1793 873 ltaliae

457 901 542 970 urbs
561 902 606 970 ad
623 904 750 971 fretum
769 905 936 989 siculum;
952 917 986 971 et
997 918 1080 995 post
1095 927 1202 973 unum
1215 905 1306 973 diem
1325 907 1436 1001 flante
1450 920 1564 975 austro
1581 917 1791 997 ἐπιγενομένου

457 1015 558 1090 atreo,
585 1015 661 1078 orto
685 1016 819 1092 austro,
844 1017 947 1079 vento
964 1013 1122 1079 omnium
1140 1011 1387 1080 secundissimo
1406 1012 1556 1100 navigiis
1571 1016 1706 1103 Rhegio,
1721 1021 1786 1084 Pu-

455 1114 562 1183 teolos
595 1116 793 1206 petentibus
829 1116 968 1206 (Pata),
999 1116 1150 1186 secunde
1180 1116 1236 1185 die
1262 1117 1417 1185 uenimus
1440 1119 1613 1205 Puteolos,
1638 1122 1786 1190 emensis

456 1221 593 1290 circiter
614 1227 687 1290 CCL
714 1226 754 1289 u.
778 1225 815 1290 Ρ.
837 1221 966 1312 quibus
986 1223 1118 1292 Puteoli
1142 1222 1273 1290 dietam
1297 1224 1428 1311 Rhegio
1456 1224 1602 1316 (Patr.);
1622 1231 1671 1294 est
1702 1225 1789 1294 urbs

455 1328 663 1416 Campaniae
686 1327 733 1395 ed
756 1349 855 1396 mare
881 1328 1086 1417 tyrrhenum
1111 1329 1192 1410 site,
1219 1328 1321 1397 hodie
1344 1331 1514 1399 Puzzuoli.
1535 1331 1587 1399 lbi
1606 1332 1784 1420 navigatio

456 1430 519 1521 pro
543 1432 651 1500 Paulo
683 1432 831 1524 aliisque
861 1439 1005 1502 Romam
1031 1435 1251 1504 tendentibus
1271 1435 1373 1503 finem
1399 1436 1541 1527 accepit.
1567 1442 1638 1505 lam
1667 1438 1785 1506 fideles

454 1546 553 1607 erant
569 1540 721 1608 Puteolis
740 1563 773 1609 v.
797 1546 839 1606 tt
854 1540 916 1607 udi
932 1540 1078 1608 incentis
1094 1541 1261 1630 [ratribus
1274 1542 1391 1631 repeti
1406 1564 1521 1611 seimus
1534 1565 1674 1612 manere
1689 1543 1786 1636 apecd

454 1666 510 1712 eos
532 1643 606 1713 dies
623 1658 753 1736 septem
773 1657 806 1713 et
818 1646 870 1714 sic
884 1646 1040 1715 emimus
1054 1651 1196 1716 Romam
1210 1647 1235 1715 i.
1253 1669 1284 1715 e.
1301 1647 1398 1716 etita
1413 1649 1552 1716 tandem
1565 1650 1712 1740 protecti
1727 1673 1784 1719 su-

455 1771 530 1817 mus
544 1755 702 1820 Romam.
1595 1824 1601 1837 ,

498 1862 583 1925 num
608 1858 734 1926 Paulus
755 1880 819 1947 per
844 1858 919 1926 dies
948 1864 1078 1950 septem
1102 1859 1154 1928 ibi
1173 1866 1377 1944 versaretur,
1400 1861 1544 1931 nuntius
1563 1861 1608 1931 de
1631 1860 1704 1930 eius
1719 1863 1780 1930 ad-

452 1969 558 2029 ventu
572 1962 737 2030 fidelibus
748 1965 904 2032 romanis
917 1970 968 2033 est
981 1965 1118 2048 allatus,
1136 1965 1262 2055 quibus
1280 1966 1403 2034 Paulus
1414 1988 1582 2057 perquem
1596 1989 1696 2036 rarus
1708 1978 1782 2036 erat

452 2074 486 2134 et
508 2068 687 2136 laboribus
707 2069 910 2159 apostolicis
937 2076 973 2138 et
990 2070 1137 2161 epistola
1160 2077 1303 2140 Romam
1321 2073 1465 2161 scripta;
1488 2078 1539 2140 sat
1558 2073 1661 2140 multi
1684 2095 1725 2140 ex
1739 2075 1780 2140 fi-

451 2174 589 2243 delibus
602 2180 730 2244 Romae
747 2175 956 2263 degentibus
968 2176 1000 2244 ei
1014 2176 1087 2245 noti
1098 2183 1133 2246 et
1144 2176 1361 2245 familiariter
1371 2177 1480 2246 iuneti
1491 2184 1590 2246 erant
1605 2178 1665 2269 (ol.
1681 2183 1778 2247 Rom.

453 2282 608 2365 ute-15)
626 2304 659 2349 v.
681 2289 723 2350 15
743 2293 776 2350 et
791 2280 967 2350 indecem
982 2283 1159 2351 audissem
1170 2285 1299 2374 fratres
1313 2286 1349 2353 τὰ
1363 2290 1433 2372 περὶ
1444 2296 1541 2369 ἡμῶν,
1560 2300 1780 2353 occurrerunt

450 2386 547 2454 nodis
564 2409 673 2477 usque
691 2386 741 2454 ad
760 2389 847 2478 Ape·
856 2390 991 2478 sonent,
1014 2388 1181 2480 oppidum
1204 2390 1243 2457 in
1264 2389 1320 2457 via
1343 2390 1454 2479 Appia
1477 2389 1606 2457 distans
1624 2391 1670 2457 ab
1692 2391 1778 2458 urbe

449 2497 544 2560 xum
568 2498 607 2561 lt.
632 2497 667 2559 P.
692 2495 836 2582 (Pata),
860 2494 919 2561 alii
941 2500 1057 2563 autem
1081 2516 1190 2586 usque
1209 2494 1254 2563 ad
1271 2507 1339 2562 tres
1363 2493 1543 2582 Tabernas,
1568 2494 1593 2562 i.
1615 2493 1779 2586 esusque

449 2599 493 2666 ael
527 2599 644 2666 villam
675 2599 790 2668 invia
816 2600 931 2691 Appia
950 2605 1079 2669 ΧΧΧΙΙΙ
1107 2606 1146 2668 u.
1175 2605 1210 2668 P.
1233 2600 1277 2667 ab
1300 2600 1403 2684 urbe;
1430 2621 1514 2692 quos
1539 2623 1617 2669 cum
1639 2600 1778 2670 vidisset

449 2705 597 2791 Paulus,
617 2705 753 2796 pretias
777 2728 887 2796 aperis
903 2710 974 2775 Deo
991 2706 1123 2798 accepit
1140 2708 1324 2797 fiduciam,
1341 2714 1451 2795 θάρσες
1465 2708 1619 2775 animum
1638 2710 1775 2790 tortam,

447 2813 611 2880 fiduciam
626 2834 706 2880 eum
728 2812 848 2901 aliqua
864 2812 1010 2881 audacia
1025 2812 1122 2882 dicit.
1141 2814 1272 2881 Gaudet
1291 2813 1466 2905 apostolus
1484 2812 1603 2881 videns
1621 2812 1724 2880 tidem
1745 2823 1776 2881 et

447 2919 623 2986 caritatem
655 2917 813 2985 fidelium
836 2923 871 2986 et
897 2918 980 2987 inde
1006 2919 1123 2986 haurit
1154 2919 1290 2987 firmam
1319 2928 1354 2988 et
1381 2919 1506 2987 fortem
1530 2919 1773 2988 confidentiam

446 3023 619 3111 evangelii
638 3023 862 3114 propagandi
881 3046 1019 3093 excusso
1038 3025 1133 3092 omni
1151 3025 1290 3107 timore,
1312 3048 1355 3094 nc
1371 3026 1509 3094 vinoula
1521 3047 1583 3093 sua
1600 3026 1725 3093 cedant
1741 3025 1776 3092 iu

448 3129 693 3197 detrimentum
720 3130 913 3218 evengelii3
937 3153 957 3198 e
977 3137 1097 3198 eontra
1117 3154 1157 3199 ex
1179 3132 1386 3200 salutatione
1409 3131 1555 3200 fratrum
1578 3153 1619 3198 ea
1645 3132 1776 3199 lorcin

448 3237 701 3304 incrementum
717 3242 752 3303 et
775 3236 926 3324 gloriam
947 3236 1120 3325 evangelii
1142 3259 1221 3304 oum
1246 3239 1427 3327 magnoin
1451 3242 1556 3305 Deum
1581 3239 1772 3324 gratiarum

449 3345 583 3412 actione
602 3342 831 3433 persentiscit.

491 3453 583 3516 Bona
603 3448 810 3517 existimatio
824 3469 931 3540 mam
946 3449 989 3517 de
1003 3449 1107 3517 Paulo
1124 3450 1230 3517 hebet
1244 3449 1351 3517 lulius
1364 3448 1534 3530 centurio,
1552 3449 1665 3538 ipsum
1686 3473 1773 3539 quo·

447 3578 513 3646 qua
537 3556 622 3622 Festi
643 3554 811 3622 iudicium
837 3556 969 3645 (eust)
992 3555 1087 3646 quod
1110 3554 1252 3645 epistola
1272 3555 1353 3623 data
1376 3560 1517 3625 Romam
1541 3577 1619 3623 eum
1637 3555 1775 3644 captivo

447 3664 581 3730 mittere
606 3661 774 3744 debebat,
799 3663 881 3729 satis
902 3661 1090 3752 explicant,
1121 3684 1182 3730 cur
1206 3661 1329 3731 Paulus
1352 3663 1389 3729 in
1412 3661 1609 3752 captivitato
1631 3683 1773 3728 romana

447 3791 569 3855 ariagne
593 3768 754 3836 libertate
780 3769 828 3835 uti
854 3768 1005 3859 potuerit
1024 3775 1058 3836 et
1076 3768 1195 3860 aliqua
1209 3768 1427 3856 indulgentia
1448 3767 1587 3835 habitus
1600 3769 1659 3845 sit;
1683 3789 1713 3832 v.
1735 3775 1774 3833 to

445 3897 521 3942 ειιιιι
546 3887 662 3942 aretem
686 3873 896 3942 venissemus
919 3878 1078 3962 Romam,
1105 3874 1254 3943 Puteolis
1277 3896 1384 3966 usque
1411 3878 1554 3941 Romam
1578 3871 1772 3941 emetienda

444 3990 543 4050 crant
558 3985 740 4050 cxxxvlu
760 3985 801 4048 ll.
819 3985 855 4049 P.
874 4003 964 4072 quae
978 3981 1147 4051 militibus
1158 3988 1236 4049 sunt
1251 3983 1316 4049 iter
1329 3986 1460 4071 septem
1473 3979 1608 4048 dierum
1632 3981 1771 4067 (Potae).

441 4090 644 4178 permissum
662 4100 712 4155 est
729 4088 842 4156 Paulo
856 4108 997 4156 maerere
1008 4087 1144 4156 sibimet
1157 4089 1227 4157 καθ’
1244 4094 1330 4157 αὐτόν
1342 4087 1482 4155 seorsim
1492 4108 1514 4154 a
1526 4085 1649 4154 ceteris
1663 4084 1773 4175 capti-

444 4196 495 4262 vis
515 4196 552 4263 in
577 4193 752 4262 conducta
773 4217 794 4262 a
812 4217 849 4263 se
861 4193 966 4262 domo
981 4193 1131 4285 quadam
1150 4194 1197 4284 (v.
1214 4196 1271 4283 30)
1286 4215 1364 4261 cum
1383 4190 1594 4260 custodiente
1608 4214 1644 4256 se
1665 4190 1774 4258 milite

444 4323 539 4369 morc
554 4301 627 4370 scil.
643 4322 803 4384 romano,
821 4307 859 4368 ut
879 4323 949 4370 una
964 4308 1084 4369 catena
1102 4302 1352 4388 constringeret
1367 4300 1511 4367 mititem
1530 4304 1564 4365 et
1582 4296 1771 4388 captivum,

442 4409 571 4499 captivi
590 4407 737 4476 brachio
758 4407 896 4491 dextro,
914 4408 1052 4475 sinistro
1068 4407 1185 4476 militis
1199 4407 1340 4495 alligata
1360 4404 1500 4496 (Beel.);
1518 4404 1560 4472 cf.
1581 4411 1670 4487 1²2⁶·
1695 4408 1773 4470 Erat

443 4515 560 4605 itaque
574 4515 611 4583 in
632 4513 788 4582 custodia
807 4512 964 4582 militari.
982 4516 1065 4581 Cum
1081 4513 1118 4581 in
1133 4536 1172 4582 ea
1188 4513 1346 4582 custodie
1359 4512 1557 4603 frequenter
1571 4510 1631 4577 alii
1646 4508 1773 4577 milites

443 4621 520 4690 aliis
537 4620 772 4703 succederent,
791 4620 906 4712 potuit
922 4621 1046 4688 Paulus
1062 4643 1102 4688 ex
1122 4621 1187 4688 bac
1200 4642 1262 4688 aua
1275 4618 1473 4710 captivitate
1486 4616 1635 4684 seribere
1657 4636 1664 4683 :
1683 4636 1770 4705 quae
