4092 5490
1070 423 1137 467 scr.
1162 407 1266 475 1530.
1595 418 1597 424 ’
1772 413 1832 473 ἳθῦ

507 560 791 628 terminationibus
808 555 1091 624 'simulacrorum
1119 568 1152 622 et
1175 555 1410 644 fornicatione
1440 568 1473 623 et
1495 558 1676 647 suffocetis
1698 573 1731 627 et
1754 583 1836 628 son-

506 667 623 758 pnioe.
642 668 694 735 Uti
713 667 782 732 iam
808 683 915 750 supra
933 659 1018 744 dixi,
1034 668 1119 752 puto
1137 662 1224 729 hace
1245 684 1317 729 non
1338 661 1420 730 addi
1435 684 1456 729 a
1472 661 1595 729 Iacobo
1609 665 1732 731 ceteris
1752 688 1836 755 apo·

507 774 602 842 stolis
624 771 904 853 insciis,*verum
932 766 1019 836 haec
1042 790 1180 859 quoque
1199 768 1236 835 in
1261 776 1429 836 conventu
1459 790 1530 836 esse
1553 774 1692 836 statuta.
1719 775 1834 857 Neque

507 880 621 947 obstat
636 874 730 965 quod
746 872 831 941 dicit
849 873 992 942 lacobus
1006 896 1092 959 :ego
1104 873 1233 955 iudico,
1251 884 1354 962 κρίνω,
1372 896 1506 958 censeo,
1521 874 1726 942 sententiam
1745 874 1831 941 tero.
1863 938 1866 942 a

506 989 591 1050 Nam
612 981 707 1071 prius
730 981 826 1070 quod
845 979 930 1048 dicit
954 990 994 1064 μὴ
1014 987 1216 1067 παρενοχλεῖν
1238 980 1341 1047 etiam
1365 982 1435 1046 iam
1459 986 1533 1046 crat
1559 980 1835 1050 constitutumin

506 1093 674 1172 conventu
690 1087 925 1178 apostolorum
939 1107 972 1150 v.
997 1092 1034 1167 63
1060 1105 1145 1172 ergo
1169 1085 1256 1152 illud
1276 1095 1367 1175 κρίνω
1394 1085 1592 1153 nullatenus
1617 1086 1741 1179 probat
1761 1109 1836 1155 rem

507 1194 654 1285 proferri
667 1193 771 1285 plane
786 1212 930 1273 novam,
947 1190 1055 1257 asolo
1072 1190 1196 1258 lacobo
1209 1213 1302 1258 nunc
1319 1192 1544 1280 excogitatam
1561 1198 1595 1259 et
1609 1192 1835 1282 propositam.

508 1300 675 1369 havitare
692 1304 813 1385 gentes
832 1295 997 1364 iubentur
1011 1303 1102 1385 q'uae
1117 1296 1251 1364 ludaeis
1266 1297 1435 1365 maximae
1450 1304 1548 1365 erant
1566 1298 1761 1382 offensioni;
1777 1309 1837 1381 τῶν4

506 1410 718 1493 ἀλισγημάτων
737 1414 796 1473 τῶν
811 1405 943 1472 εἰδώλων
966 1402 1118 1489 intelligi
1142 1406 1324 1472 εἷδωλέθυτα
1348 1410 1492 1493 apparet
1512 1425 1553 1470 ex
1575 1427 1607 1471 v.
1628 1410 1670 1471 29
1690 1426 1732 1473 ea
1747 1425 1838 1494 quae

507 1510 610 1578 idolis
635 1508 735 1577 erant
761 1508 958 1592 immolate;
980 1532 1024 1576 ne
1045 1509 1154 1596 igitur
1182 1509 1294 1599 epulis
1316 1509 1563 1577 sacrificalibus
1593 1508 1837 1577 accumberent

508 1638 594 1683 neve
615 1637 655 1683 ca
668 1613 922 1683 manducarent
936 1638 1025 1705 quae
1044 1620 1223 1704 tamquam
1239 1614 1433 1704 idolothyta
1449 1619 1737 1705 proponerentur.
1758 1620 1838 1681 Ver-

508 1720 592 1789 bum
620 1725 755 1811 ἁλισγεϊν
771 1720 879 1789 habes
893 1720 994 1789 necti.
1013 1725 1127 1802 tamti.
1148 1725 1232 1789 Dan.
1258 1729 1314 1804 1,8
1340 1721 1446 1809 (viilg.
1466 1720 1654 1812 polluere),
1672 1722 1745 1789 Mal.
1765 1728 1833 1803 1‚r.
1868 1796 1870 1800 μ

510 1834 551 1894 12
566 1827 842 1919 (contaminare).
860 1827 992 1894 Pariter
1010 1826 1176 1894 iubentur
1193 1827 1400 1896 abstineres
1415 1827 1587 1895 suffocatis
1603 1833 1638 1896 et
1648 1824 1834 1915 sanguinet

508 1956 586 2002 cum
616 1934 709 2001 enim
733 1940 810 2001 hev.
836 1938 939 2015 17‚10
963 1939 997 2000 et
1020 1932 1155 2001 ludaeis
1180 1938 1213 2000 et
1233 1932 1439 2022 alienigenis
1459 1932 1519 2025 qui
1542 1934 1580 2001 in
1601 1941 1693 2002 terra
1715 1934 1835 2024 palae·

509 2041 650 2108 stinensi
666 2038 865 2107 incolebant
884 2040 1045 2106 comestio
1066 2039 1248 2126 sanguinis
1266 2042 1385 2107 stricte
1404 2039 1642 2124 interdicatur,
1661 2039 1794 2107 ludaeis
1815 2061 1836 2106 a

507 2148 612 2233 longe
628 2143 873 2212 consuetudine
888 2143 1086 2212 abstinendi
1110 2167 1186 2212 esus
1208 2146 1271 2213 iste
1284 2144 1468 2212 videbatur
1491 2146 1637 2212 maxime
1660 2143 1839 2212 abomina-

509 2250 599 2319 bilis.
618 2254 663 2317 Ex
678 2249 799 2317 eadem
821 2251 955 2318 ratione
967 2250 1200 2341 prohibentur
1217 2250 1396 2333 suffocata,
1415 2251 1452 2317 in
1472 2250 1597 2341 quibus
1611 2249 1752 2339 sanguis
1765 2270 1838 2317 non

508 2358 583 2447 ipsa
596 2356 764 2424 occisione
777 2360 829 2424 est
838 2357 981 2440 effusum
995 2378 1078 2425 nam
1094 2356 1149 2426 :si
1164 2357 1240 2446 quis
1254 2359 1384 2448 ceperit
1392 2357 1500 2425 teram
1512 2357 1567 2439 vel
1581 2378 1696 2440 avem,
1713 2355 1839 2424 tundat

508 2463 712 2551 sanguinem
726 2461 800 2531 eius
819 2468 853 2530 et
872 2462 1006 2553 operiat
1019 2463 1121 2546 illum
1140 2469 1233 2531 terra
1248 2465 1341 2554 (hev.
1361 2470 1473 2545 12¹3.
1494 2470 1551 2547 lt3
1568 2464 1611 2555 ct.
1629 2485 1661 2530 v.
1678 2461 1805 2552 mlh).

554 2568 773 2637 luterdicitur
793 2578 934 2658 coprete,
955 2568 1167 2658 fornicatio,
1186 2570 1363 2652 scortatio;
1389 2567 1574 2637 adhibetur
1600 2591 1664 2636 vox
1685 2568 1729 2636 de
1754 2589 1837 2635 con-

511 2674 630 2742 cubitu
649 2673 771 2741 illicito
787 2680 805 2740 1
824 2677 899 2741 Cor.
918 2681 993 2756 5‚1;
1018 2680 1112 2755 e‚13.
1135 2680 1192 2757 18;
1211 2682 1283 2756 't‚2.
1304 2681 1324 2740 Ξ
1347 2679 1422 2741 Cor.
1442 2680 1553 2753 1221.
1572 2674 1657 2763 Eph.
1676 2681 1745 2749 5.3.
1763 2673 1834 2741 Col.

511 2788 581 2862 3,5.
597 2779 737 2847 1Thess.
757 2784 853 2863 t,1a;
872 2778 995 2848 eodem
1011 2779 1116 2847 modo
1129 2788 1310 2870 reportent
1327 2784 1401 2847 Cor.
1421 2785 1498 2861 10,8
1513 2781 1626 2870 (Num.
1641 2780 1833 2869 25,1seq.).

511 2893 594 2957 Cum
620 2886 697 2953 talis
712 2885 757 2953 sit
778 2908 858 2954 usus
877 2907 919 2954 ac
936 2884 1147 2974 significatio
1168 2886 1277 2965 vocis,
1299 2891 1333 2953 et
1347 2885 1522 2953 decretum
1544 2885 1638 2975 quod
1659 2884 1835 2968 scribitur,

511 2993 671 3080 gentibus
691 2991 873 3072 scribatur,
888 2991 981 3082 apud
1001 3014 1088 3082 quas
1108 2991 1209 3060 nulla
1229 2991 1298 3059 alia
1321 2992 1414 3059 vocis
1433 2992 1527 3058 notio
1541 2991 1647 3081 possit
1667 2992 1833 3082 supponi,

512 3097 636 3166 merito
661 3098 747 3166 haec
768 3098 864 3165 notio
891 3094 948 3164 bic
975 3120 1114 3189 quoque
1140 3097 1322 3166 retinenda
1341 3098 1488 3180 videtur,
1510 3098 1559 3164 ita
1582 3104 1619 3165 ut
1639 3097 1833 3178 fornicatio,

511 3203 713 3272 concubitus
726 3208 821 3271 extra
833 3204 1092 3271 matrimonium
1108 3202 1335 3295 prohibeatur
1349 3204 1406 3295 (ci.
1425 3203 1501 3272 Cei.
1517 3203 1625 3272 Solm.
1641 3208 1726 3295 Lep.
1741 3202 1834 3271 Beel.

516 3310 625 3379 calm.
643 3308 755 3395 Hakc,
773 3314 869 3378 Patr.
890 3309 1034 3377 Thomas
1047 3310 1086 3377 in
1108 3315 1223 3379 Revue
1243 3310 1302 3377 des
1323 3317 1432 3400 quest.
1451 3311 1531 3378 hist.
1550 3315 1634 3378 1889
1656 3315 1683 3376 ll
1703 3332 1738 3400 p.
1758 3314 1835 3390 tat,

518 3412 650 3502 lVeisr‚·
665 3416 751 3483 alios
770 3416 925 3484 eiusdem
944 3417 1134 3484 sententiae
1156 3423 1311 3484 recenset
1335 3417 1465 3485 Setaea:
1489 3416 1513 3483 l.
1537 3439 1566 3484 c.
1588 3440 1624 3506 p.
1651 3422 1714 3482 120
1732 3415 1835 3504 seq.).

515 3522 579 3590 Sed
598 3521 769 3611 quomodo
786 3522 976 3611 gentilibus
990 3506 1166 3590 conversis
1182 3521 1218 3589 id
1234 3522 1394 3612 explicite
1413 3522 1629 3613 prohibetur,
1648 3521 1742 3612 quod
1762 3521 1841 3607 lege

514 3628 666 3695 naturali
680 3634 715 3695 et
733 3627 809 3715 lege
828 3650 849 3694 a
874 3629 1006 3697 Christo
1022 3628 1093 3697 lata
1107 3628 1178 3696 iam
1196 3627 1422 3696 interdictum
1437 3630 1508 3696 est?
1524 3634 1666 3696 erantne
1681 3627 1719 3694 hi
1741 3626 1840 3725 quasi

517 3736 707 3826 primorum
734 3735 983 3803 elementorum
1012 3735 1214 3826 disciplinae
1240 3734 1448 3802 christianae
1477 3757 1517 3803 ac
1543 3756 1677 3802 morum
1703 3732 1842 3821 ignari?
1975 3796 1977 3800 .

516 3846 638 3907 Verum
662 3840 700 3907 id
723 3840 787 3908 tibi
813 3840 927 3908 minus
955 3840 1081 3908 mirum
1110 3840 1296 3925 videbitur,
1320 3842 1347 3908 si
1372 3841 1442 3907 duo
1468 3850 1580 3909 tecum
1603 3839 1839 3931 per-penderis.

516 3948 613 4014 Prius
625 3950 676 4013 est
689 3946 924 4035 quoquaulus
937 3947 1045 4034 longo
1060 3954 1216 4037 tempore
1235 3953 1314 4037 post
1328 3952 1532 4014 conventum
1546 3948 1640 4014 hunc
1656 3944 1842 4013 Corinthiis

518 4055 587 4119 iam
611 4053 656 4119 ab
682 4050 799 4142 aliquo
828 4059 982 4143 tempore
1010 4052 1187 4121 conversis
1215 4052 1367 4121 seribere
1394 4053 1623 4120 necessarium
1646 4051 1756 4119 duxit.
1782 4056 1844 4118 Eos

520 4158 644 4226 diserte
662 4163 801 4228 monet:
818 4180 896 4226 esca
910 4158 1052 4249 quidem
1065 4160 1180 4227 ventri
1195 4166 1229 4227 et
1244 4166 1363 4227 venter
1378 4158 1478 4239 escis3
1500 4180 1628 4249 corpus
1642 4167 1756 4227 autem
1771 4178 1845 4224 non

520 4264 751 4347 fornicationi,
770 4269 803 4332 et
817 4264 1057 4356 compluribus
1078 4265 1294 4353 argumentis
1316 4289 1337 4333 n
1358 4264 1564 4333 commercio
1595 4263 1804 4345 meretricio,
1825 4285 1846 4330 a

520 4371 748 4439 fornicatione
760 4393 833 4438 esse
846 4369 1111 4452 abstinendum,
1130 4371 1300 4439 committi
1312 4371 1495 4439 maximam
1515 4371 1550 4438 in
1567 4370 1737 4438 Christum
1749 4368 1842 4437 iniu-

522 4478 626 4561 riam,
647 4476 817 4568 templum
838 4477 948 4567 pollui
972 4477 1119 4566 Spiritus
1140 4479 1265 4559 sancti,
1284 4477 1452 4569 committi
1474 4482 1651 4567 peccatum
1674 4474 1711 4542 in
1732 4475 1844 4564 ipsum

522 4606 659 4673 corpus,
680 4583 804 4652 docere
827 4606 899 4653 non
916 4583 1026 4652 solum
1046 4583 1146 4669 utile,
1163 4583 1224 4652 sed
1245 4582 1476 4652 necessarium
1498 4582 1716 4664 existimavit3
1742 4588 1845 4671 atque

523 4689 691 4758 eiusmodi
715 4696 910 4780 peccatores
927 4690 965 4758 in
985 4713 1025 4758 ea
1043 4690 1133 4758 urbe
1147 4691 1269 4773 fuisse,
1291 4692 1351 4781 qui
1366 4713 1411 4758 ne
1426 4689 1547 4758 moniti
1562 4688 1702 4780 quidem
1721 4686 1764 4754 de
1786 4686 1847 4754 tali

524 4800 663 4887 peccato
682 4796 846 4865 volebant
860 4818 966 4886 agere
989 4799 1257 4887 poenitentiam,
1274 4798 1349 4888 ipse
1368 4799 1487 4865 asserit
1508 4803 1529 4863 Ξ
1552 4800 1628 4864 Cor.
1647 4801 1767 4879 12213
1791 4815 1846 4862 ce·
