4010 5474
268 361 327 423 362
378 390 381 417 ι
510 382 516 393 ·
797 379 863 426 aar.
886 363 1047 436 utut-20,

263 529 334 582 nnete
345 528 406 581 γαρ,
420 513 487 565 ltern
500 504 566 577 sah,
582 517 632 581 gig
650 516 736 568 ntchtl
752 516 856 566 habent
869 516 898 565 tn
912 520 940 565 te
954 514 1061 573 dicere,
1081 525 1133 563 nos
1149 513 1225 563 enim
1244 509 1425 574 scripsimus;
1442 504 1498 555 add
1512 504 1586 573 μηδεν

179 624 183 631 ·
261 617 374 652 retentos
387 618 469 671 τηρειν
482 620 568 663 αυτους
580 620 602 654 ει
618 621 652 673 μη
668 602 836 656 cunum>
847 603 875 652 al
889 603 949 665 pler
962 603 1000 665 ph
1015 613 1077 651 arm
1091 602 1140 663 gig
1159 598 1218 651 Chr
1233 598 1293 650 Bed
1309 595 1355 663 lex
1372 590 1497 660 graeco).

305 826 343 888 ln
368 822 434 888 hac
456 819 652 887 narratione
673 817 784 885 varias
814 815 1031 883 difficultates
1054 812 1235 904 reperiunt
1259 814 1382 881 critici.
1410 819 1449 881 tu
1472 812 1583 903 primo

258 927 401 1017 quidem
421 925 535 1013 Soros,
553 922 706 1003 clemen,
727 924 866 1011 innuet,
891 920 981 1012 Hilq.
994 942 1064 988 non
1081 918 1301 1006 intelligunt,
1325 919 1500 1007 quomodo
1514 920 1585 987 fra·

73 1074 77 1082 ·
125 1090 129 1097 .
259 1038 328 1100 tres
344 1031 488 1099 libenter
508 1028 653 1097 Paulum
668 1027 854 1118 suscipiant
868 1035 902 1095 et
916 1034 1032 1095 tamen
1044 1026 1190 1094 efferant
1203 1022 1327 1112 gravia
1341 1022 1451 1090 dubia
1465 1029 1581 1092 contra

259 1136 354 1206 Pauli
377 1135 472 1223 apud
498 1141 617 1222 gentes
641 1134 881 1224 apostolatum.
908 1138 1031 1201 Verum
1057 1154 1127 1200 non
1155 1136 1205 1199 est
1225 1128 1369 1199 difficile
1393 1133 1583 1219 utrumque

261 1240 456 1310 conciliare.
482 1240 549 1331 Ipsi
571 1240 663 1309 enim
688 1241 827 1308 omnino
853 1261 933 1308 cnm
952 1239 1057 1306 Paulo
1080 1236 1316 1319 consentiunt,
1341 1235 1517 1303 laetantur
1540 1234 1584 1302 de

260 1347 512 1438 propagatione
535 1346 723 1435 evangelii3
751 1353 784 1415 et
809 1347 892 1436 quia
916 1367 998 1432 erga
1018 1365 1098 1412 eum
1123 1343 1270 1411 maxime
1296 1342 1510 1424 alliciuntur,
1534 1341 1584 1410 lo

260 1459 414 1543 quuntur
439 1453 482 1521 de
505 1452 659 1543 periculo
683 1452 776 1541 qnod
799 1452 958 1519 imminet
981 1456 1015 1517 et
1027 1448 1180 1517 suadent
1196 1446 1372 1538 quomodo
1392 1446 1483 1516 illud
1504 1469 1584 1515 eum

260 1559 390 1627 evitare
412 1581 510 1650 posse
534 1557 740 1626 existimant.
761 1557 913 1624 Profecto
931 1578 1001 1645 qua
1019 1554 1150 1622 ratione
1173 1554 1261 1622 haec
1279 1553 1350 1621 duo
1367 1555 1459 1620 inter
1476 1575 1512 1620 se
1529 1575 1584 1619 ex-

259 1664 403 1733 cludant
425 1663 607 1732 autsimul
629 1685 699 1731 non
725 1663 854 1753 possint
874 1660 1057 1729 consistere
1078 1681 1181 1728 nemo
1202 1658 1340 1727 dixerit.
1368 1663 1460 1726 Bene
1490 1658 1584 1726 enim

258 1770 438 1838 advertere
457 1774 594 1859 oportet
612 1768 771 1836 Iacobum
789 1774 823 1836 et
841 1767 1055 1858 presbyteros
1069 1765 1162 1857 ipsos
1175 1765 1378 1834 nullatenus
1388 1763 1499 1832 dubia
1510 1786 1584 1832 mo·

258 1897 338 1943 vere
355 1880 476 1942 contra
495 1873 591 1942 Pauli
610 1872 736 1962 agendi
754 1873 913 1957 modum3
937 1873 1038 1963 proin
1056 1872 1148 1940 nihil
1165 1893 1256 1952 esse,
1274 1893 1338 1939 cur
1355 1891 1436 1939 eum
1450 1892 1522 1938 non
1542 1869 1583 1937 li-

256 1981 379 2049 benter
408 1979 594 2070 suscipiant
620 2001 654 2047 v.
684 1986 725 2048 17
744 1992 776 2048 et
798 1996 875 2048 cum
895 1978 1102 2047 venissemus
1122 1976 1385 2068 lerosolymam,
1409 2006 1516 2064 γενεμ.
1541 1980 1583 2057 εἰς

256 2088 299 2156 11.
330 2093 446 2172 20,16,
477 2085 618 2153 libenter
641 2089 776 2172 ἁσμένως
797 2108 876 2154 cum
900 2084 1029 2173 gaudio
1053 2096 1262 2176 exceperunt
1287 2106 1350 2151 uos
1370 2084 1521 2172 stetten·
1544 2088 1584 2151 ut

255 2192 561 2263 contradictionem
581 2190 617 2259 iu
641 2196 768 2259 textum
796 2193 936 2274 interut,
959 2191 1136 2259 contendit
1158 2188 1257 2280 Hilq.
1280 2191 1343 2258 hos
1367 2192 1491 2257 tratres
1512 2211 1584 2257 non

255 2320 352 2390 posse
370 2297 538 2385 distingui
559 2296 605 2364 ab
623 2296 682 2365 illa
702 2295 921 2365 multitudine
942 2296 989 2386 (v.
1006 2297 1064 2386 22)
1080 2317 1171 2387 qnae
1187 2294 1429 2386 praeiudicata
1442 2292 1480 2361 in
1494 2301 1583 2361 Pau-

255 2404 329 2471 lum
358 2402 520 2494 opinione
544 2403 588 2469 sit
614 2402 764 2484 imbuta;
791 2391 931 2470 criticus
957 2423 1026 2469 non
1046 2401 1187 2470 videtur
1207 2422 1308 2491 posse
1329 2399 1529 2488 intelligere
1546 2400 1583 2466 in

256 2529 386 2596 magna
418 2507 600 2575 hominurn
636 2507 855 2577 multitudine
884 2506 1032 2576 inveniri
1059 2506 1247 2576 sententias
1271 2507 1395 2575 turias.
1425 2509 1583 2574 Ceterum

255 2614 399 2706 planum
421 2621 488 2698 est,
511 2612 654 2682 Paulum
674 2614 796 2682 urbem
817 2613 1069 2702 ingredientem
1088 2635 1160 2680 non
1180 2612 1226 2680 ab
1247 2612 1410 2681 universa
1424 2612 1583 2680 multitu-

255 2719 335 2787 dine
350 2705 421 2786 esse
433 2724 641 2809 susceptum.

297 2831 368 2893 tlox
390 2824 581 2892 inviserunt
604 2827 811 2917 praepositos
832 2824 994 2894 eeclesiae
1015 2848 1049 2893 v.
1068 2833 1109 2895 18
1130 2823 1291 2917 sequenti
1311 2838 1430 2892 utitem
1450 2822 1506 2892 die
1527 2824 1583 2890 in-

252 2930 380 2997 troibat
411 2927 540 2998 Paulus
568 2924 748 2998 nobiscum
773 2929 822 2998 acl
849 2929 1011 2998 Incolunt
1035 2931 1252 3022 apostolum,
1274 2931 1421 2999 tratrem
1448 2930 1583 2997 Domini

251 3033 339 3125 (Gal.
363 3041 460 3118 1‚1s;
481 3034 570 3125 29),
587 3057 768 3127 omnesque
783 3034 916 3105 collecti
927 3048 1008 3105 sunt
1021 3035 1171 3104 seniores
1176 3056 1192 3121 ;
1209 3058 1243 3104 v.
1267 3042 1309 3103 to
1328 3057 1507 3127 quoscum
1526 3058 1582 3101 su·

252 3140 411 3223 lutusset‚
427 3142 591 3208 narrabat
599 3164 664 3233 per
674 3140 826 3233 singula,
842 3164 930 3233 qnae
948 3145 1038 3209 Deus
1046 3140 1190 3229 fecisset
1206 3143 1244 3208 in
1261 3142 1426 3233 pentibus
1437 3163 1502 3232 per
1516 3142 1582 3207 uti-

254 3247 434 3315 nisteriutn
449 3244 577 3337 ipsius5
591 3246 674 3337 quid
698 3247 806 3335 magis
820 3269 966 3337 pronum
985 3254 1077 3327 erat,
1093 3269 1199 3339 quarn
1220 3254 1260 3315 ut
1282 3249 1406 3316 Paulus
1425 3254 1582 3315 narraret

255 3353 298 3421 de
320 3353 477 3443 profectu
493 3352 687 3439 evangelii?
701 3358 852 3420 attamen
876 3352 1000 3420 Weiss.
1019 3351 1125 3421 verbu
1144 3353 1251 3444 plana
1272 3355 1321 3423 ito
1345 3355 1528 3445 pervertit,
1544 3361 1581 3420 nt

256 3459 349 3528 dicat
361 3457 521 3527 debuisse
536 3458 677 3527 Paulum
697 3479 812 3526 coram
830 3458 1043 3549 presbyteris
1057 3459 1224 3527 susmad
1243 3466 1367 3548 gentes
1381 3460 1579 3527 missionem

255 3563 455 3643 defendere,
480 3585 552 3631 sese
565 3583 716 3653 purgare
736 3564 779 3630 de
794 3586 856 3632 suo
874 3563 1097 3654 praedicandi
1113 3564 1234 3646 modo;
1256 3571 1437 3655 praeterea
1458 3587 1580 3631 narra-

255 3670 386 3739 tionem
407 3669 563 3737 luborare
586 3695 603 3730 u
630 3667 712 3736 vitio
736 3667 918 3736 insanabili
944 3690 980 3753 ης
1006 3670 1116 3738 omitti
1140 3668 1215 3738 scil.
1238 3692 1311 3739 rem
1336 3671 1579 3761 praecipuam,

255 3774 429 3867 quomodo
455 3775 600 3864 pecunia
619 3772 665 3841 ab
686 3774 839 3866 apostolo
859 3774 1002 3844 collecta
1023 3777 1068 3842 sit
1090 3782 1251 3865 suscepta
1273 3777 1323 3867 (p.
1344 3776 1439 3867 351).
1461 3777 1580 3843 tticum

255 3880 365 3950 critici
385 3878 611 3949 desiderium!
628 3883 734 3949 Lucas
751 3879 795 3948 de
812 3900 855 3948 ea
872 3880 1017 3949 collecta
1029 3881 1119 3950 nibil
1137 3880 1174 3949 in
1193 3882 1481 3951 antecedentibus
1499 3905 1581 3950 nar-

254 3987 359 4070 ravit3
386 3985 471 4075 quid
493 3983 621 4053 dicturi
643 3992 753 4054 esseut
775 3984 901 4065 critici,
921 3986 950 4054 si
973 4008 1066 4056 nunc
1090 3987 1164 4056 eius
1185 3989 1316 4057 laceret
1342 3988 1580 4056 mentionem?

254 4114 336 4161 uam
357 4091 616 4182 reprehendunt
633 4114 710 4160 eum
726 4113 758 4159 r.
776 4113 813 4180 g.
830 4091 922 4182 quod
939 4093 1093 4162 Damasci
1107 4093 1226 4163 fideles
1242 4116 1315 4163 esse
1329 4101 1520 4185 supponat,
1536 4095 1580 4162 de

255 4198 381 4290 quibus
402 4198 438 4266 in
461 4196 740 4266 antecedentibus
761 4196 850 4265 nihil
874 4198 916 4266 sit
943 4205 1123 4267 narratum
1147 4206 1212 4267 etc.
1238 4203 1397 4269 Ceterum
1424 4201 1579 4289 prolecto

253 4306 378 4373 suflicit
396 4303 490 4394 quod
508 4301 581 4394 ipse
600 4301 725 4371 Paulus
744 4311 863 4398 postea
879 4304 1018 4396 exponit
1035 4327 1071 4374 se
1092 4306 1328 4394 eleemospnas
1348 4307 1521 4374 facturum
1541 4307 1578 4374 in

255 4418 393 4499 gentem
408 4431 504 4479 suam
517 4408 647 4478 venisse
662 4409 806 4501 (eutr).
822 4415 931 4501 Atque
948 4408 1089 4479 minime
1107 4434 1194 4503 opus
1205 4411 1325 4495 tuisse,
1340 4417 1379 4479 ut
1396 4412 1523 4480 Paulus
1534 4413 1578 4480 dc

254 4516 325 4586 suis
339 4516 514 4585 laboribus
530 4539 565 4585 se
580 4524 754 4585 excusaret
772 4515 865 4608 apud
878 4516 973 4598 illos,
990 4523 1064 4586 tum
1081 4540 1122 4586 ex
1140 4517 1217 4585 aliis
1230 4517 1351 4605 colligi
1367 4517 1489 4586 debuit
1504 4526 1577 4587 tum

255 4646 296 4692 ex
309 4647 341 4693 v.
359 4630 401 4692 20
420 4636 458 4691 at
473 4622 528 4691 illi
539 4646 616 4692 cum
632 4621 821 4710 audissent,
840 4623 1110 4714 magnificabunt
1123 4626 1232 4692 Deum
1236 4644 1252 4710 ;
1266 4624 1310 4692 cf.
1334 4630 1451 4708 11,18;
1475 4625 1577 4715 proin

256 4730 387 4799 intense
422 4731 557 4816 laetati,
585 4734 689 4799 Deum
720 4729 907 4798 laudabant
939 4737 975 4799 et
1010 4730 1257 4819 glorificabant
1287 4732 1384 4822 quod
1413 4733 1576 4820 gentibus
