<?xml version="1.0" encoding="UTF-8"?>
<!DOCTYPE html PUBLIC "-//W3C//DTD XHTML 1.0 Transitional//EN"
    "http://www.w3.org/TR/xhtml1/DTD/xhtml1-transitional.dtd">
<html xmlns="http://www.w3.org/1999/xhtml" xml:lang="en" lang="en">
 <head>
  <title>
</title>
<meta http-equiv="Content-Type" content="text/html;charset=utf-8" />
  <meta name='ocr-system' content='tesseract 3.04.00' />
  <meta name='ocr-capabilities' content='ocr_page ocr_carea ocr_par ocr_line ocrx_word'/>
</head>
<body>
  <div class='ocr_page' id='page_1' title='image "./commentariusina00knabgoog/commentariusina00knabgoog_0144.png"; bbox 0 0 4154 5452; ppageno 0'>
   <div class='ocr_carea' id='block_1_1' title="bbox 1081 330 1836 404">
    <p class='ocr_par' dir='ltr' id='par_1_1' title="bbox 1081 330 1836 404">
     <span class='ocr_line' id='line_1_1' title="bbox 1081 330 1836 404; baseline -0.001 -12"><span class='ocrx_word' id='word_1_1' title='bbox 1081 349 1149 392; x_wconf 75' lang='lat' dir='ltr'>aar.</span> <span class='ocrx_word' id='word_1_2' title='bbox 1174 332 1271 404; x_wconf 83' lang='lat'><strong>7‚1·3.</strong></span> <span class='ocrx_word' id='word_1_3' title='bbox 1349 363 1350 366; x_wconf 20' lang='grc' dir='ltr'>ι</span> <span class='ocrx_word' id='word_1_4' title='bbox 1779 330 1836 391; x_wconf 73' lang='grc'>121</span> 
     </span>
    </p>
   </div>
   <div class='ocr_carea' id='block_1_2' title="bbox 505 477 1842 2240">
    <p class='ocr_par' dir='ltr' id='par_1_2' title="bbox 505 477 1842 2240">
     <span class='ocr_line' id='line_1_2' title="bbox 511 477 1841 553; baseline -0.004 -15"><span class='ocrx_word' id='word_1_5' title='bbox 511 488 680 551; x_wconf 81' lang='lat' dir='ltr'><strong>sapientiam</strong></span> <span class='ocrx_word' id='word_1_6' title='bbox 703 489 732 536; x_wconf 94' lang='lat' dir='ltr'>ln</span> <span class='ocrx_word' id='word_1_7' title='bbox 753 491 907 549; x_wconf 86' lang='lat' dir='ltr'>conspeetu</span> <span class='ocrx_word' id='word_1_8' title='bbox 930 485 1088 537; x_wconf 77' lang='lat' dir='ltr'><strong>Pharaonis</strong></span> <span class='ocrx_word' id='word_1_9' title='bbox 1111 495 1155 532; x_wconf 88' lang='lat' dir='ltr'>re·</span> <span class='ocrx_word' id='word_1_10' title='bbox 1200 477 1269 549; x_wconf 77' lang='grc' dir='ltr'>αὖτῷ</span> <span class='ocrx_word' id='word_1_11' title='bbox 1300 480 1375 550; x_wconf 74' lang='grc' dir='ltr'>χάριν</span> <span class='ocrx_word' id='word_1_12' title='bbox 1406 478 1448 532; x_wconf 78' lang='grc' dir='ltr'>καὶ</span> <span class='ocrx_word' id='word_1_13' title='bbox 1479 479 1565 550; x_wconf 77' lang='grc' dir='ltr'>σοφίαν</span> <span class='ocrx_word' id='word_1_14' title='bbox 1600 478 1712 533; x_wconf 81' lang='grc' dir='ltr'>ἐναντίον</span> <span class='ocrx_word' id='word_1_15' title='bbox 1744 481 1841 553; x_wconf 82' lang='grc' dir='ltr'>Φαραὼ</span> 
     </span>
     <span class='ocr_line' id='line_1_3' title="bbox 512 565 1840 641; baseline -0.002 -16"><span class='ocrx_word' id='word_1_16' title='bbox 512 577 557 640; x_wconf 82' lang='lat' dir='ltr'>gis</span> <span class='ocrx_word' id='word_1_17' title='bbox 577 576 711 641; x_wconf 66' lang='lat' dir='ltr'>Aegypta</span> <span class='ocrx_word' id='word_1_18' title='bbox 733 579 762 624; x_wconf 90' lang='lat' dir='ltr'>et</span> <span class='ocrx_word' id='word_1_19' title='bbox 780 577 926 626; x_wconf 81' lang='lat' dir='ltr'>constituit</span> <span class='ocrx_word' id='word_1_20' title='bbox 948 587 1013 626; x_wconf 87' lang='lat' dir='ltr'>eum</span> <span class='ocrx_word' id='word_1_21' title='bbox 1033 583 1154 636; x_wconf 89' lang='lat' dir='ltr'>praepo·</span> <span class='ocrx_word' id='word_1_22' title='bbox 1202 567 1320 639; x_wconf 78' lang='grc' dir='ltr'>βασιλέως</span> <span class='ocrx_word' id='word_1_23' title='bbox 1347 565 1484 638; x_wconf 71' lang='grc' dir='ltr'>Αἰγύπτου,</span> <span class='ocrx_word' id='word_1_24' title='bbox 1514 566 1557 621; x_wconf 74' lang='lat' dir='ltr'>ael</span> <span class='ocrx_word' id='word_1_25' title='bbox 1589 567 1736 633; x_wconf 69' lang='grc' dir='ltr'><strong>κατέστησεν</strong></span> <span class='ocrx_word' id='word_1_26' title='bbox 1766 568 1840 623; x_wconf 69' lang='grc' dir='ltr'>αὑτὸν</span> 
     </span>
     <span class='ocr_line' id='line_1_4' title="bbox 511 654 1841 729; baseline -0.005 -13"><span class='ocrx_word' id='word_1_27' title='bbox 511 666 596 716; x_wconf 88' lang='lat' dir='ltr'>situm</span> <span class='ocrx_word' id='word_1_28' title='bbox 614 675 699 726; x_wconf 82' lang='lat' dir='ltr'>super</span> <span class='ocrx_word' id='word_1_29' title='bbox 712 663 884 728; x_wconf 76' lang='lat' dir='ltr'>Aegyptum,</span> <span class='ocrx_word' id='word_1_30' title='bbox 902 670 930 715; x_wconf 89' lang='lat' dir='ltr'>et</span> <span class='ocrx_word' id='word_1_31' title='bbox 943 673 1029 725; x_wconf 88' lang='lat' dir='ltr'>super</span> <span class='ocrx_word' id='word_1_32' title='bbox 1042 672 1155 710; x_wconf 84' lang='lat' dir='ltr'>omnem</span> <span class='ocrx_word' id='word_1_33' title='bbox 1199 655 1340 728; x_wconf 71' lang='grc' dir='ltr'>ἡγούμενον</span> <span class='ocrx_word' id='word_1_34' title='bbox 1364 655 1407 712; x_wconf 78' lang='grc' dir='ltr'>ἐπ’</span> <span class='ocrx_word' id='word_1_35' title='bbox 1425 655 1547 729; x_wconf 71' lang='grc' dir='ltr'>Αἴγυπτον</span> <span class='ocrx_word' id='word_1_36' title='bbox 1564 655 1607 708; x_wconf 75' lang='grc' dir='ltr'>καί</span> <span class='ocrx_word' id='word_1_37' title='bbox 1625 655 1686 709; x_wconf 75' lang='grc' dir='ltr'>ὅλον</span> <span class='ocrx_word' id='word_1_38' title='bbox 1704 654 1748 709; x_wconf 71' lang='grc' dir='ltr'>τὀν</span> <span class='ocrx_word' id='word_1_39' title='bbox 1767 655 1841 710; x_wconf 78' lang='grc' dir='ltr'>οἶκον</span> 
     </span>
     <span class='ocr_line' id='line_1_5' title="bbox 511 742 1841 818; baseline -0.005 -14"><span class='ocrx_word' id='word_1_40' title='bbox 511 754 623 804; x_wconf 85' lang='lat' dir='ltr'>domum</span> <span class='ocrx_word' id='word_1_41' title='bbox 647 763 738 800; x_wconf 77' lang='lat' dir='ltr'>suani.</span> <span class='ocrx_word' id='word_1_42' title='bbox 769 751 811 802; x_wconf 90' lang='lat' dir='ltr'>il.</span> <span class='ocrx_word' id='word_1_43' title='bbox 835 753 922 803; x_wconf 86' lang='lat' dir='ltr'>Venit</span> <span class='ocrx_word' id='word_1_44' title='bbox 949 755 1043 800; x_wconf 88' lang='lat' dir='ltr'>autem</span> <span class='ocrx_word' id='word_1_45' title='bbox 1065 747 1155 799; x_wconf 80' lang='lat' dir='ltr'>laruas</span> <span class='ocrx_word' id='word_1_46' title='bbox 1200 745 1286 801; x_wconf 70' lang='lat' dir='ltr'>atrati.</span> <span class='ocrx_word' id='word_1_47' title='bbox 1310 750 1352 803; x_wconf 88' lang='grc'>11.</span> <span class='ocrx_word' id='word_1_48' title='bbox 1371 742 1447 814; x_wconf 76' lang='grc' dir='ltr'>ἦλθεν</span> <span class='ocrx_word' id='word_1_49' title='bbox 1479 745 1506 799; x_wconf 84' lang='lat' dir='ltr'>at</span> <span class='ocrx_word' id='word_1_50' title='bbox 1532 744 1606 818; x_wconf 76' lang='grc' dir='ltr'>λιμὸς</span> <span class='ocrx_word' id='word_1_51' title='bbox 1632 743 1674 815; x_wconf 76' lang='grc' dir='ltr'>ἐρ’</span> <span class='ocrx_word' id='word_1_52' title='bbox 1702 743 1766 811; x_wconf 77' lang='grc' dir='ltr'>ὃλην</span> <span class='ocrx_word' id='word_1_53' title='bbox 1795 744 1841 811; x_wconf 79' lang='grc' dir='ltr'>τὴν</span> 
     </span>
     <span class='ocr_line' id='line_1_6' title="bbox 511 832 1838 907; baseline -0.005 -16"><span class='ocrx_word' id='word_1_54' title='bbox 511 843 540 891; x_wconf 90' lang='lat' dir='ltr'>ln</span> <span class='ocrx_word' id='word_1_55' title='bbox 572 843 732 890; x_wconf 80' lang='lat' dir='ltr'>universam</span> <span class='ocrx_word' id='word_1_56' title='bbox 763 843 924 906; x_wconf 75' lang='lat' dir='ltr'>Aegyptum</span> <span class='ocrx_word' id='word_1_57' title='bbox 949 848 978 889; x_wconf 83' lang='lat' dir='ltr'>et</span> <span class='ocrx_word' id='word_1_58' title='bbox 1001 837 1152 898; x_wconf 78' lang='lat' dir='ltr'>chanaan,</span> <span class='ocrx_word' id='word_1_59' title='bbox 1201 834 1330 906; x_wconf 72' lang='grc' dir='ltr'>Αἴγυπτον</span> <span class='ocrx_word' id='word_1_60' title='bbox 1359 835 1401 888; x_wconf 71' lang='lat' dir='ltr'>zai</span> <span class='ocrx_word' id='word_1_61' title='bbox 1427 834 1537 902; x_wconf 73' lang='grc' dir='ltr'>Χαναέιν,</span> <span class='ocrx_word' id='word_1_62' title='bbox 1561 835 1603 888; x_wconf 74' lang='grc' dir='ltr'>καὶ</span> <span class='ocrx_word' id='word_1_63' title='bbox 1626 833 1705 907; x_wconf 78' lang='grc' dir='ltr'>θλίψις</span> <span class='ocrx_word' id='word_1_64' title='bbox 1729 832 1838 904; x_wconf 78' lang='grc' dir='ltr'>μεγάλη·</span> 
     </span>
     <span class='ocr_line' id='line_1_7' title="bbox 510 922 1842 997; baseline -0.005 -17"><span class='ocrx_word' id='word_1_65' title='bbox 510 938 539 980; x_wconf 89' lang='lat' dir='ltr'>et</span> <span class='ocrx_word' id='word_1_66' title='bbox 558 928 699 980; x_wconf 86' lang='lat' dir='ltr'>tribulatio</span> <span class='ocrx_word' id='word_1_67' title='bbox 717 942 836 994; x_wconf 80' lang='lat' dir='ltr'>inagna,</span> <span class='ocrx_word' id='word_1_68' title='bbox 850 936 879 981; x_wconf 89' lang='lat' dir='ltr'>et</span> <span class='ocrx_word' id='word_1_69' title='bbox 898 940 955 977; x_wconf 90' lang='lat' dir='ltr'>non</span> <span class='ocrx_word' id='word_1_70' title='bbox 973 926 1155 978; x_wconf 85' lang='lat' dir='ltr'>inveniebant</span> <span class='ocrx_word' id='word_1_71' title='bbox 1200 923 1242 976; x_wconf 84' lang='grc' dir='ltr'>καί</span> <span class='ocrx_word' id='word_1_72' title='bbox 1271 924 1320 995; x_wconf 73' lang='grc' dir='ltr'>οὺχ</span> <span class='ocrx_word' id='word_1_73' title='bbox 1350 924 1465 996; x_wconf 73' lang='grc' dir='ltr'>ηὕρισκον</span> <span class='ocrx_word' id='word_1_74' title='bbox 1493 924 1657 997; x_wconf 78' lang='grc' dir='ltr'>χορτάσματα</span> <span class='ocrx_word' id='word_1_75' title='bbox 1688 922 1713 975; x_wconf 79' lang='grc' dir='ltr'>οἱ</span> <span class='ocrx_word' id='word_1_76' title='bbox 1741 924 1842 993; x_wconf 77' lang='grc' dir='ltr'>πατέρες</span> 
     </span>
     <span class='ocr_line' id='line_1_8' title="bbox 510 1011 1842 1083; baseline -0.002 -17"><span class='ocrx_word' id='word_1_77' title='bbox 510 1017 589 1067; x_wconf 85' lang='lat' dir='ltr'>albos</span> <span class='ocrx_word' id='word_1_78' title='bbox 610 1023 704 1081; x_wconf 88' lang='lat' dir='ltr'>patres</span> <span class='ocrx_word' id='word_1_79' title='bbox 726 1019 825 1070; x_wconf 89' lang='lat' dir='ltr'>nostrl.</span> <span class='ocrx_word' id='word_1_80' title='bbox 853 1017 894 1067; x_wconf 81' lang='grc'>11.</span> <span class='ocrx_word' id='word_1_81' title='bbox 916 1014 1009 1075; x_wconf 84' lang='lat' dir='ltr'>Quum</span> <span class='ocrx_word' id='word_1_82' title='bbox 1028 1011 1154 1067; x_wconf 79' lang='lat' dir='ltr'>audisset</span> <span class='ocrx_word' id='word_1_83' title='bbox 1198 1011 1283 1083; x_wconf 72' lang='grc' dir='ltr'><strong>ἡμῶν.</strong></span> <span class='ocrx_word' id='word_1_84' title='bbox 1316 1018 1358 1068; x_wconf 75' lang='lat' dir='ltr'>it.</span> <span class='ocrx_word' id='word_1_85' title='bbox 1389 1011 1493 1075; x_wconf 74' lang='grc' dir='ltr'>ἀνιούσας</span> <span class='ocrx_word' id='word_1_86' title='bbox 1522 1011 1549 1066; x_wconf 76' lang='grc' dir='ltr'>δὲ</span> <span class='ocrx_word' id='word_1_87' title='bbox 1571 1011 1662 1065; x_wconf 71' lang='lat' dir='ltr'>’laxat</span> <span class='ocrx_word' id='word_1_88' title='bbox 1688 1012 1750 1065; x_wconf 78' lang='grc' dir='ltr'>ὄντα</span> <span class='ocrx_word' id='word_1_89' title='bbox 1775 1011 1842 1064; x_wconf 86' lang='grc' dir='ltr'>σιτία</span> 
     </span>
     <span class='ocr_line' id='line_1_9' title="bbox 510 1099 1840 1174; baseline -0.003 -18"><span class='ocrx_word' id='word_1_90' title='bbox 510 1106 698 1158; x_wconf 87' lang='lat' dir='ltr'>autemIaoub</span> <span class='ocrx_word' id='word_1_91' title='bbox 713 1106 997 1159; x_wconf 85' lang='lat' dir='ltr'>esselrumentumin</span> <span class='ocrx_word' id='word_1_92' title='bbox 1012 1107 1151 1170; x_wconf 75' lang='lat' dir='ltr'>Aegypta,</span> <span class='ocrx_word' id='word_1_93' title='bbox 1199 1101 1233 1165; x_wconf 84' lang='grc' dir='ltr'>εἶς</span> <span class='ocrx_word' id='word_1_94' title='bbox 1272 1099 1411 1174; x_wconf 73' lang='grc' dir='ltr'>Αἴγυπτον,</span> <span class='ocrx_word' id='word_1_95' title='bbox 1445 1100 1613 1164; x_wconf 64' lang='grc' dir='ltr'>ἐξαπέστειλεν</span> <span class='ocrx_word' id='word_1_96' title='bbox 1646 1100 1703 1162; x_wconf 65' lang='grc' dir='ltr'>τοὺς</span> <span class='ocrx_word' id='word_1_97' title='bbox 1735 1101 1840 1171; x_wconf 75' lang='grc' dir='ltr'>πατέρας</span> 
     </span>
     <span class='ocr_line' id='line_1_10' title="bbox 511 1188 1841 1262; baseline -0.002 -17"><span class='ocrx_word' id='word_1_98' title='bbox 511 1197 586 1246; x_wconf 88' lang='lat' dir='ltr'>misit</span> <span class='ocrx_word' id='word_1_99' title='bbox 612 1202 708 1260; x_wconf 86' lang='lat' dir='ltr'>patres</span> <span class='ocrx_word' id='word_1_100' title='bbox 739 1199 854 1246; x_wconf 90' lang='lat' dir='ltr'>nostros</span> <span class='ocrx_word' id='word_1_101' title='bbox 888 1195 1025 1258; x_wconf 62' lang='lat' dir='ltr'>primum</span> <span class='ocrx_word' id='word_1_102' title='bbox 1052 1194 1093 1245; x_wconf 86' lang='grc'>13.</span> <span class='ocrx_word' id='word_1_103' title='bbox 1118 1192 1154 1243; x_wconf 86' lang='lat' dir='ltr'>Et</span> <span class='ocrx_word' id='word_1_104' title='bbox 1198 1189 1270 1262; x_wconf 74' lang='grc' dir='ltr'>ἡμῶν</span> <span class='ocrx_word' id='word_1_105' title='bbox 1306 1196 1415 1262; x_wconf 75' lang='grc' dir='ltr'>πρῶτον·</span> <span class='ocrx_word' id='word_1_106' title='bbox 1453 1194 1495 1245; x_wconf 81' lang='lat' dir='ltr'>ta.</span> <span class='ocrx_word' id='word_1_107' title='bbox 1528 1190 1571 1243; x_wconf 78' lang='lat' dir='ltr'>aei</span> <span class='ocrx_word' id='word_1_108' title='bbox 1601 1188 1627 1242; x_wconf 84' lang='grc' dir='ltr'>ἐν</span> <span class='ocrx_word' id='word_1_109' title='bbox 1663 1194 1701 1261; x_wconf 80' lang='grc' dir='ltr'>τῷ</span> <span class='ocrx_word' id='word_1_110' title='bbox 1737 1189 1841 1259; x_wconf 80' lang='grc' dir='ltr'>διυτίρῳ</span> 
     </span>
     <span class='ocr_line' id='line_1_11' title="bbox 509 1277 1841 1351; baseline -0.004 -16"><span class='ocrx_word' id='word_1_111' title='bbox 509 1285 679 1336; x_wconf 82' lang='lat' dir='ltr'>insecundo</span> <span class='ocrx_word' id='word_1_112' title='bbox 696 1284 826 1348; x_wconf 80' lang='lat' dir='ltr'>cognitus</span> <span class='ocrx_word' id='word_1_113' title='bbox 845 1285 889 1334; x_wconf 87' lang='lat' dir='ltr'>est</span> <span class='ocrx_word' id='word_1_114' title='bbox 906 1283 1006 1348; x_wconf 89' lang='lat' dir='ltr'>loseph</span> <span class='ocrx_word' id='word_1_115' title='bbox 1027 1296 1045 1333; x_wconf 90' lang='lat' dir='ltr'>a</span> <span class='ocrx_word' id='word_1_116' title='bbox 1058 1282 1153 1333; x_wconf 88' lang='lat' dir='ltr'>tratri·</span> <span class='ocrx_word' id='word_1_117' title='bbox 1198 1277 1336 1351; x_wconf 69' lang='grc' dir='ltr'>ἐγνωρίσθη</span> <span class='ocrx_word' id='word_1_118' title='bbox 1360 1277 1450 1350; x_wconf 72' lang='grc' dir='ltr'>Ἰωσὴφ</span> <span class='ocrx_word' id='word_1_119' title='bbox 1472 1280 1526 1340; x_wconf 79' lang='grc' dir='ltr'>τοῖς</span> <span class='ocrx_word' id='word_1_120' title='bbox 1553 1278 1670 1349; x_wconf 79' lang='grc' dir='ltr'>ἀδτλροίς</span> <span class='ocrx_word' id='word_1_121' title='bbox 1688 1280 1778 1347; x_wconf 76' lang='grc' dir='ltr'>αὐτοῦ,</span> <span class='ocrx_word' id='word_1_122' title='bbox 1798 1277 1841 1330; x_wconf 78' lang='grc' dir='ltr'>καὶ</span> 
     </span>
     <span class='ocr_line' id='line_1_12' title="bbox 508 1364 1838 1440; baseline -0.004 -16"><span class='ocrx_word' id='word_1_123' title='bbox 508 1373 561 1424; x_wconf 89' lang='lat' dir='ltr'>bus</span> <span class='ocrx_word' id='word_1_124' title='bbox 580 1374 653 1433; x_wconf 89' lang='lat' dir='ltr'>suls,</span> <span class='ocrx_word' id='word_1_125' title='bbox 671 1376 700 1422; x_wconf 91' lang='lat' dir='ltr'>ei</span> <span class='ocrx_word' id='word_1_126' title='bbox 718 1370 927 1423; x_wconf 74' lang='lat' dir='ltr'>manifestatum</span> <span class='ocrx_word' id='word_1_127' title='bbox 952 1376 996 1423; x_wconf 89' lang='lat' dir='ltr'>est</span> <span class='ocrx_word' id='word_1_128' title='bbox 1010 1372 1152 1422; x_wconf 78' lang='lat' dir='ltr'>Pharaoni</span> <span class='ocrx_word' id='word_1_129' title='bbox 1196 1368 1302 1439; x_wconf 72' lang='grc' dir='ltr'>ρανερσν</span> <span class='ocrx_word' id='word_1_130' title='bbox 1320 1367 1419 1440; x_wconf 74' lang='grc' dir='ltr'>ἐγένετο</span> <span class='ocrx_word' id='word_1_131' title='bbox 1436 1373 1472 1439; x_wconf 81' lang='grc' dir='ltr'>τῷ</span> <span class='ocrx_word' id='word_1_132' title='bbox 1489 1367 1585 1439; x_wconf 81' lang='grc' dir='ltr'>Φαραὼ</span> <span class='ocrx_word' id='word_1_133' title='bbox 1602 1366 1631 1420; x_wconf 77' lang='lat' dir='ltr'>a</span> <span class='ocrx_word' id='word_1_134' title='bbox 1649 1367 1721 1437; x_wconf 75' lang='grc' dir='ltr'>γένος</span> <span class='ocrx_word' id='word_1_135' title='bbox 1733 1364 1838 1437; x_wconf 68' lang='grc' dir='ltr'>Ἰωσήφ.</span> 
     </span>
     <span class='ocr_line' id='line_1_13' title="bbox 508 1453 1839 1527; baseline -0.003 -16"><span class='ocrx_word' id='word_1_136' title='bbox 508 1474 599 1526; x_wconf 82' lang='lat' dir='ltr'>genus</span> <span class='ocrx_word' id='word_1_137' title='bbox 621 1462 692 1511; x_wconf 73' lang='lat' dir='ltr'>siue.</span> <span class='ocrx_word' id='word_1_138' title='bbox 721 1460 764 1512; x_wconf 87' lang='lat' dir='ltr'>ll.</span> <span class='ocrx_word' id='word_1_139' title='bbox 788 1460 904 1512; x_wconf 81' lang='lat' dir='ltr'>Mittens</span> <span class='ocrx_word' id='word_1_140' title='bbox 926 1468 1022 1512; x_wconf 83' lang='lat' dir='ltr'>autem</span> <span class='ocrx_word' id='word_1_141' title='bbox 1049 1460 1151 1523; x_wconf 86' lang='lat' dir='ltr'>Ioseph</span> <span class='ocrx_word' id='word_1_142' title='bbox 1201 1460 1242 1513; x_wconf 90' lang='lat' dir='ltr'>ll.</span> <span class='ocrx_word' id='word_1_143' title='bbox 1281 1454 1428 1519; x_wconf 70' lang='grc' dir='ltr'>ἀποστείλας</span> <span class='ocrx_word' id='word_1_144' title='bbox 1463 1455 1490 1510; x_wconf 75' lang='grc' dir='ltr'>δὲ</span> <span class='ocrx_word' id='word_1_145' title='bbox 1525 1453 1617 1526; x_wconf 77' lang='grc' dir='ltr'>Ἰωσὴφ</span> <span class='ocrx_word' id='word_1_146' title='bbox 1655 1454 1839 1527; x_wconf 65' lang='grc' dir='ltr'>μετεκαλέσατο</span> 
     </span>
     <span class='ocr_line' id='line_1_14' title="bbox 508 1541 1838 1617; baseline -0.003 -17"><span class='ocrx_word' id='word_1_147' title='bbox 508 1551 655 1600; x_wconf 74' lang='lat' dir='ltr'><strong>accersivit</strong></span> <span class='ocrx_word' id='word_1_148' title='bbox 682 1549 767 1600; x_wconf 88' lang='lat' dir='ltr'>laoob</span> <span class='ocrx_word' id='word_1_149' title='bbox 790 1555 900 1614; x_wconf 86' lang='lat' dir='ltr'>patrem</span> <span class='ocrx_word' id='word_1_150' title='bbox 923 1561 1015 1611; x_wconf 88' lang='lat' dir='ltr'>suurn,</span> <span class='ocrx_word' id='word_1_151' title='bbox 1039 1552 1067 1601; x_wconf 88' lang='lat' dir='ltr'>et</span> <span class='ocrx_word' id='word_1_152' title='bbox 1093 1562 1151 1599; x_wconf 89' lang='lat' dir='ltr'>om·</span> <span class='ocrx_word' id='word_1_153' title='bbox 1197 1545 1287 1599; x_wconf 74' lang='grc' dir='ltr'>Ἰοοιὼὸ</span> <span class='ocrx_word' id='word_1_154' title='bbox 1314 1544 1359 1600; x_wconf 69' lang='grc' dir='ltr'>τὸν</span> <span class='ocrx_word' id='word_1_155' title='bbox 1389 1547 1481 1617; x_wconf 69' lang='grc' dir='ltr'>πατέρα</span> <span class='ocrx_word' id='word_1_156' title='bbox 1508 1544 1599 1614; x_wconf 73' lang='grc' dir='ltr'>αὺτοῦ,</span> <span class='ocrx_word' id='word_1_157' title='bbox 1619 1544 1661 1597; x_wconf 82' lang='grc' dir='ltr'>νιαί</span> <span class='ocrx_word' id='word_1_158' title='bbox 1684 1546 1765 1599; x_wconf 74' lang='grc' dir='ltr'>πᾶσαν</span> <span class='ocrx_word' id='word_1_159' title='bbox 1792 1541 1838 1610; x_wconf 79' lang='grc' dir='ltr'>τὴν</span> 
     </span>
     <span class='ocr_line' id='line_1_15' title="bbox 508 1632 1836 1708; baseline -0.001 -20"><span class='ocrx_word' id='word_1_160' title='bbox 508 1650 573 1689; x_wconf 84' lang='lat' dir='ltr'>nem</span> <span class='ocrx_word' id='word_1_161' title='bbox 600 1640 800 1703; x_wconf 79' lang='lat' dir='ltr'>cognationem</span> <span class='ocrx_word' id='word_1_162' title='bbox 827 1651 908 1690; x_wconf 87' lang='lat' dir='ltr'>suam</span> <span class='ocrx_word' id='word_1_163' title='bbox 943 1641 973 1689; x_wconf 92' lang='lat' dir='ltr'>ln</span> <span class='ocrx_word' id='word_1_164' title='bbox 1003 1639 1152 1689; x_wconf 85' lang='lat' dir='ltr'>animabus</span> <span class='ocrx_word' id='word_1_165' title='bbox 1196 1638 1343 1708; x_wconf 68' lang='grc' dir='ltr'>συγγένειαν</span> <span class='ocrx_word' id='word_1_166' title='bbox 1371 1633 1397 1689; x_wconf 78' lang='lat' dir='ltr'>iv</span> <span class='ocrx_word' id='word_1_167' title='bbox 1428 1636 1519 1707; x_wconf 63' lang='grc' dir='ltr'>ψνραῖς</span> <span class='ocrx_word' id='word_1_168' title='bbox 1550 1632 1723 1707; x_wconf 71' lang='grc' dir='ltr'>ἓὸδομήαοντα</span> <span class='ocrx_word' id='word_1_169' title='bbox 1755 1633 1836 1687; x_wconf 77' lang='grc' dir='ltr'>πέντε.</span> 
     </span>
     <span class='ocr_line' id='line_1_16' title="bbox 505 1721 1840 1794; baseline -0.002 -17"><span class='ocrx_word' id='word_1_170' title='bbox 505 1728 687 1792; x_wconf 74' lang='lat' dir='ltr'>septuaginta</span> <span class='ocrx_word' id='word_1_171' title='bbox 714 1728 849 1792; x_wconf 87' lang='lat' dir='ltr'>quinque.</span> <span class='ocrx_word' id='word_1_172' title='bbox 878 1727 919 1778; x_wconf 84' lang='grc'>15.</span> <span class='ocrx_word' id='word_1_173' title='bbox 943 1728 979 1778; x_wconf 83' lang='lat' dir='ltr'>Et</span> <span class='ocrx_word' id='word_1_174' title='bbox 1005 1726 1152 1779; x_wconf 87' lang='lat' dir='ltr'>deseendit</span> <span class='ocrx_word' id='word_1_175' title='bbox 1201 1728 1242 1779; x_wconf 85' lang='lat' dir='ltr'>l5.</span> <span class='ocrx_word' id='word_1_176' title='bbox 1269 1724 1360 1793; x_wconf 75' lang='grc' dir='ltr'>αατέὸη</span> <span class='ocrx_word' id='word_1_177' title='bbox 1386 1724 1412 1779; x_wconf 74' lang='lat' dir='ltr'>ii</span> <span class='ocrx_word' id='word_1_178' title='bbox 1440 1722 1530 1777; x_wconf 76' lang='grc' dir='ltr'>Ἰανιὼὸ</span> <span class='ocrx_word' id='word_1_179' title='bbox 1550 1723 1595 1794; x_wconf 83' lang='grc' dir='ltr'>(εἰς</span> <span class='ocrx_word' id='word_1_180' title='bbox 1618 1721 1767 1794; x_wconf 68' lang='grc' dir='ltr'>Αἴγυπτον),</span> <span class='ocrx_word' id='word_1_181' title='bbox 1797 1721 1840 1775; x_wconf 80' lang='grc' dir='ltr'>οιαὶ</span> 
     </span>
     <span class='ocr_line' id='line_1_17' title="bbox 506 1811 1837 1885; baseline 0 -18"><span class='ocrx_word' id='word_1_182' title='bbox 506 1815 590 1867; x_wconf 76' lang='lat' dir='ltr'>iacob</span> <span class='ocrx_word' id='word_1_183' title='bbox 612 1819 642 1866; x_wconf 91' lang='lat' dir='ltr'>in</span> <span class='ocrx_word' id='word_1_184' title='bbox 669 1820 829 1882; x_wconf 70' lang='lat' dir='ltr'>Aegyptum</span> <span class='ocrx_word' id='word_1_185' title='bbox 835 1829 844 1877; x_wconf 68' lang='lat'>5</span> <span class='ocrx_word' id='word_1_186' title='bbox 869 1822 898 1867; x_wconf 84' lang='lat' dir='ltr'>et</span> <span class='ocrx_word' id='word_1_187' title='bbox 924 1815 1075 1867; x_wconf 85' lang='lat' dir='ltr'>delunotus</span> <span class='ocrx_word' id='word_1_188' title='bbox 1107 1821 1151 1867; x_wconf 87' lang='lat' dir='ltr'>est</span> <span class='ocrx_word' id='word_1_189' title='bbox 1196 1811 1356 1881; x_wconf 75' lang='grc' dir='ltr'>ἐτελεύτησεν</span> <span class='ocrx_word' id='word_1_190' title='bbox 1374 1812 1447 1875; x_wconf 75' lang='grc' dir='ltr'>αὐτὸς</span> <span class='ocrx_word' id='word_1_191' title='bbox 1465 1812 1507 1865; x_wconf 76' lang='grc' dir='ltr'>καὶ</span> <span class='ocrx_word' id='word_1_192' title='bbox 1524 1812 1550 1866; x_wconf 83' lang='lat' dir='ltr'>oi</span> <span class='ocrx_word' id='word_1_193' title='bbox 1568 1815 1669 1885; x_wconf 78' lang='grc' dir='ltr'>πατέρες</span> <span class='ocrx_word' id='word_1_194' title='bbox 1686 1811 1771 1883; x_wconf 72' lang='grc' dir='ltr'>ἡμῶν·</span> <span class='ocrx_word' id='word_1_195' title='bbox 1795 1814 1837 1867; x_wconf 83' lang='grc'>16.</span> 
     </span>
     <span class='ocr_line' id='line_1_18' title="bbox 506 1899 1839 1973; baseline -0.002 -19"><span class='ocrx_word' id='word_1_196' title='bbox 506 1906 581 1969; x_wconf 87' lang='lat' dir='ltr'>ipse,</span> <span class='ocrx_word' id='word_1_197' title='bbox 602 1910 630 1957; x_wconf 84' lang='lat' dir='ltr'>et</span> <span class='ocrx_word' id='word_1_198' title='bbox 650 1910 746 1969; x_wconf 87' lang='lat' dir='ltr'>patres</span> <span class='ocrx_word' id='word_1_199' title='bbox 770 1906 869 1956; x_wconf 86' lang='lat' dir='ltr'>nostrl.</span> <span class='ocrx_word' id='word_1_200' title='bbox 898 1904 939 1955; x_wconf 87' lang='grc'><strong>16.</strong></span> <span class='ocrx_word' id='word_1_201' title='bbox 966 1905 1001 1955; x_wconf 84' lang='lat' dir='ltr'>Et</span> <span class='ocrx_word' id='word_1_202' title='bbox 1020 1905 1149 1955; x_wconf 84' lang='lat' dir='ltr'>translati</span> <span class='ocrx_word' id='word_1_203' title='bbox 1196 1901 1239 1955; x_wconf 79' lang='grc' dir='ltr'>καὶ</span> <span class='ocrx_word' id='word_1_204' title='bbox 1270 1902 1436 1973; x_wconf 75' lang='grc' dir='ltr'>μετετέθησαν</span> <span class='ocrx_word' id='word_1_205' title='bbox 1463 1899 1497 1963; x_wconf 79' lang='grc' dir='ltr'>τίς</span> <span class='ocrx_word' id='word_1_206' title='bbox 1525 1902 1627 1973; x_wconf 74' lang='grc' dir='ltr'>Συχὲμ,</span> <span class='ocrx_word' id='word_1_207' title='bbox 1646 1901 1689 1954; x_wconf 76' lang='grc' dir='ltr'>καὶ</span> <span class='ocrx_word' id='word_1_208' title='bbox 1721 1900 1839 1967; x_wconf 75' lang='grc' dir='ltr'>ίτίθηοαν</span> 
     </span>
     <span class='ocr_line' id='line_1_19' title="bbox 505 1987 1839 2062; baseline -0.003 -17"><span class='ocrx_word' id='word_1_209' title='bbox 505 2001 571 2045; x_wconf 88' lang='lat' dir='ltr'>sunt</span> <span class='ocrx_word' id='word_1_210' title='bbox 590 1996 619 2043; x_wconf 94' lang='lat' dir='ltr'>ln</span> <span class='ocrx_word' id='word_1_211' title='bbox 635 1992 763 2055; x_wconf 74' lang='lat' dir='ltr'>sichem,</span> <span class='ocrx_word' id='word_1_212' title='bbox 780 1998 810 2045; x_wconf 86' lang='lat' dir='ltr'>et</span> <span class='ocrx_word' id='word_1_213' title='bbox 823 1993 908 2057; x_wconf 84' lang='lat' dir='ltr'>positi</span> <span class='ocrx_word' id='word_1_214' title='bbox 926 1999 993 2044; x_wconf 89' lang='lat' dir='ltr'>sunt</span> <span class='ocrx_word' id='word_1_215' title='bbox 1006 1994 1036 2043; x_wconf 90' lang='lat' dir='ltr'>ln</span> <span class='ocrx_word' id='word_1_216' title='bbox 1052 1995 1150 2058; x_wconf 84' lang='lat' dir='ltr'>sepul·</span> <span class='ocrx_word' id='word_1_217' title='bbox 1196 1989 1221 2044; x_wconf 75' lang='grc' dir='ltr'>ἐν</span> <span class='ocrx_word' id='word_1_218' title='bbox 1249 1995 1286 2062; x_wconf 80' lang='grc' dir='ltr'>τῷ</span> <span class='ocrx_word' id='word_1_219' title='bbox 1314 1990 1426 2061; x_wconf 73' lang='grc' dir='ltr'>μνήματι</span> <span class='ocrx_word' id='word_1_220' title='bbox 1449 1991 1464 2043; x_wconf 81' lang='grc' dir='ltr'><strong>ὃ</strong></span> <span class='ocrx_word' id='word_1_221' title='bbox 1485 1990 1601 2057; x_wconf 76' lang='grc' dir='ltr'>ὠνήσατο</span> <span class='ocrx_word' id='word_1_222' title='bbox 1630 1987 1745 2061; x_wconf 72' lang='grc' dir='ltr'>Ἀδραίιμ</span> <span class='ocrx_word' id='word_1_223' title='bbox 1766 1995 1839 2060; x_wconf 75' lang='grc' dir='ltr'>τιμῆς</span> 
     </span>
     <span class='ocr_line' id='line_1_20' title="bbox 505 2076 1840 2152; baseline -0.002 -19"><span class='ocrx_word' id='word_1_224' title='bbox 505 2094 562 2142; x_wconf 82' lang='lat' dir='ltr'>oro,</span> <span class='ocrx_word' id='word_1_225' title='bbox 578 2081 654 2145; x_wconf 84' lang='lat' dir='ltr'>quod</span> <span class='ocrx_word' id='word_1_226' title='bbox 668 2083 735 2134; x_wconf 85' lang='lat' dir='ltr'>emit</span> <span class='ocrx_word' id='word_1_227' title='bbox 747 2081 891 2133; x_wconf 81' lang='lat' dir='ltr'>Abraham</span> <span class='ocrx_word' id='word_1_228' title='bbox 905 2083 996 2145; x_wconf 89' lang='lat' dir='ltr'>pretio</span> <span class='ocrx_word' id='word_1_229' title='bbox 1006 2085 1118 2146; x_wconf 78' lang='lat' dir='ltr'>argenti</span> <span class='ocrx_word' id='word_1_230' title='bbox 1132 2096 1150 2133; x_wconf 88' lang='lat' dir='ltr'>a</span> <span class='ocrx_word' id='word_1_231' title='bbox 1195 2078 1308 2152; x_wconf 76' lang='grc' dir='ltr'>ἀρηορὶοο</span> <span class='ocrx_word' id='word_1_232' title='bbox 1352 2078 1418 2150; x_wconf 74' lang='grc' dir='ltr'>παρὰ</span> <span class='ocrx_word' id='word_1_233' title='bbox 1466 2084 1516 2133; x_wconf 81' lang='grc' dir='ltr'>τῶν</span> <span class='ocrx_word' id='word_1_234' title='bbox 1561 2079 1619 2133; x_wconf 66' lang='lat' dir='ltr'>uiua</span> <span class='ocrx_word' id='word_1_235' title='bbox 1658 2077 1764 2151; x_wconf 79' lang='grc' dir='ltr'>Ἐμρὼρ</span> <span class='ocrx_word' id='word_1_236' title='bbox 1813 2076 1840 2131; x_wconf 88' lang='grc' dir='ltr'>ίν</span> 
     </span>
     <span class='ocr_line' id='line_1_21' title="bbox 505 2162 1289 2240; baseline 0.004 -20"><span class='ocrx_word' id='word_1_237' title='bbox 505 2162 571 2220; x_wconf 83' lang='lat' dir='ltr'>lillis&#39;</span> <span class='ocrx_word' id='word_1_238' title='bbox 586 2170 691 2222; x_wconf 88' lang='lat' dir='ltr'>Hemor</span> <span class='ocrx_word' id='word_1_239' title='bbox 705 2169 757 2221; x_wconf 85' lang='lat' dir='ltr'>lrill</span> <span class='ocrx_word' id='word_1_240' title='bbox 772 2171 897 2222; x_wconf 79' lang='lat' dir='ltr'>Sionem.</span> <span class='ocrx_word' id='word_1_241' title='bbox 1194 2168 1289 2240; x_wconf 73' lang='grc' dir='ltr'><strong>Συχέμ.</strong></span> 
     </span>
    </p>
   </div>
   <div class='ocr_carea' id='block_1_3' title="bbox 504 2330 1839 2825">
    <p class='ocr_par' dir='ltr' id='par_1_3' title="bbox 504 2330 1839 2825">
     <span class='ocr_line' id='line_1_22' title="bbox 542 2330 1838 2399; baseline 0 -18"><span class='ocrx_word' id='word_1_242' title='bbox 542 2331 574 2381; x_wconf 88' lang='lat' dir='ltr'>ln</span> <span class='ocrx_word' id='word_1_243' title='bbox 589 2344 616 2381; x_wconf 92' lang='grc' dir='ltr'>ν.</span> <span class='ocrx_word' id='word_1_244' title='bbox 636 2331 644 2381; x_wconf 92' lang='grc'>1</span> <span class='ocrx_word' id='word_1_245' title='bbox 663 2331 719 2381; x_wconf 85' lang='lat' dir='ltr'>add</span> <span class='ocrx_word' id='word_1_246' title='bbox 731 2330 784 2381; x_wconf 82' lang='lat' dir='ltr'>DE</span> <span class='ocrx_word' id='word_1_247' title='bbox 799 2346 835 2380; x_wconf 84' lang='grc' dir='ltr'>τω</span> <span class='ocrx_word' id='word_1_248' title='bbox 849 2346 974 2398; x_wconf 59' lang='lat' dir='ltr'>atroam</span> <span class='ocrx_word' id='word_1_249' title='bbox 986 2331 1040 2382; x_wconf 87' lang='lat' dir='ltr'>sim</span> <span class='ocrx_word' id='word_1_250' title='bbox 1054 2332 1095 2383; x_wconf 90' lang='lat' dir='ltr'>tol</span> <span class='ocrx_word' id='word_1_251' title='bbox 1110 2332 1161 2397; x_wconf 81' lang='lat' dir='ltr'>gig</span> <span class='ocrx_word' id='word_1_252' title='bbox 1174 2331 1203 2382; x_wconf 93' lang='grc'>11.</span> <span class='ocrx_word' id='word_1_253' title='bbox 1222 2331 1255 2381; x_wconf 92' lang='lat' dir='ltr'>ln</span> <span class='ocrx_word' id='word_1_254' title='bbox 1270 2346 1297 2382; x_wconf 90' lang='grc' dir='ltr'>ν.</span> <span class='ocrx_word' id='word_1_255' title='bbox 1314 2332 1329 2384; x_wconf 77' lang='lat'><strong>2</strong></span> <span class='ocrx_word' id='word_1_256' title='bbox 1345 2334 1396 2397; x_wconf 78' lang='lat' dir='ltr'>gig</span> <span class='ocrx_word' id='word_1_257' title='bbox 1407 2332 1461 2383; x_wconf 86' lang='lat' dir='ltr'>add</span> <span class='ocrx_word' id='word_1_258' title='bbox 1473 2335 1636 2399; x_wconf 82' lang='lat' dir='ltr'>priusquam</span> <span class='ocrx_word' id='word_1_259' title='bbox 1651 2333 1779 2382; x_wconf 89' lang='lat' dir='ltr'>mortuus</span> <span class='ocrx_word' id='word_1_260' title='bbox 1794 2334 1838 2381; x_wconf 88' lang='lat' dir='ltr'>est</span> 
     </span>
     <span class='ocr_line' id='line_1_23' title="bbox 505 2420 1838 2489; baseline -0.002 -19"><span class='ocrx_word' id='word_1_261' title='bbox 505 2424 585 2485; x_wconf 86' lang='lat' dir='ltr'>pater</span> <span class='ocrx_word' id='word_1_262' title='bbox 597 2420 666 2471; x_wconf 85' lang='lat' dir='ltr'>eius.</span> <span class='ocrx_word' id='word_1_263' title='bbox 682 2420 715 2470; x_wconf 90' lang='lat' dir='ltr'>ln</span> <span class='ocrx_word' id='word_1_264' title='bbox 729 2434 757 2470; x_wconf 78' lang='lat' dir='ltr'>v.</span> <span class='ocrx_word' id='word_1_265' title='bbox 779 2420 809 2471; x_wconf 84' lang='grc'>13</span> <span class='ocrx_word' id='word_1_266' title='bbox 825 2434 854 2469; x_wconf 86' lang='grc' dir='ltr'>το</span> <span class='ocrx_word' id='word_1_267' title='bbox 867 2434 939 2488; x_wconf 76' lang='grc' dir='ltr'>γενος</span> <span class='ocrx_word' id='word_1_268' title='bbox 952 2435 997 2470; x_wconf 82' lang='grc' dir='ltr'>τον</span> <span class='ocrx_word' id='word_1_269' title='bbox 1013 2435 1092 2487; x_wconf 75' lang='grc' dir='ltr'>ιωσημ</span> <span class='ocrx_word' id='word_1_270' title='bbox 1107 2420 1193 2471; x_wconf 80' lang='lat' dir='ltr'>1&gt;th</span> <span class='ocrx_word' id='word_1_271' title='bbox 1207 2421 1235 2472; x_wconf 87' lang='lat' dir='ltr'>al</span> <span class='ocrx_word' id='word_1_272' title='bbox 1250 2421 1279 2486; x_wconf 88' lang='lat' dir='ltr'>pi</span> <span class='ocrx_word' id='word_1_273' title='bbox 1290 2420 1367 2484; x_wconf 82' lang='lat' dir='ltr'>·cur;</span> <span class='ocrx_word' id='word_1_274' title='bbox 1383 2437 1413 2473; x_wconf 90' lang='grc' dir='ltr'>το</span> <span class='ocrx_word' id='word_1_275' title='bbox 1427 2437 1499 2489; x_wconf 77' lang='grc' dir='ltr'>γενος</span> <span class='ocrx_word' id='word_1_276' title='bbox 1518 2436 1593 2471; x_wconf 75' lang='lat' dir='ltr'>auron</span> <span class='ocrx_word' id='word_1_277' title='bbox 1613 2420 1694 2477; x_wconf 73' lang='lat' dir='ltr'>aaa</span> <span class='ocrx_word' id='word_1_278' title='bbox 1709 2420 1792 2483; x_wconf 80' lang='lat' dir='ltr'>vulg,</span> <span class='ocrx_word' id='word_1_279' title='bbox 1807 2434 1838 2468; x_wconf 88' lang='grc' dir='ltr'>το</span> 
     </span>
     <span class='ocr_line' id='line_1_24' title="bbox 504 2506 1837 2583; baseline 0.002 -27"><span class='ocrx_word' id='word_1_280' title='bbox 504 2523 615 2575; x_wconf 80' lang='grc' dir='ltr'>γιιοσηρ</span> <span class='ocrx_word' id='word_1_281' title='bbox 630 2507 682 2560; x_wconf 85' lang='lat' dir='ltr'>BC</span> <span class='ocrx_word' id='word_1_282' title='bbox 697 2509 755 2573; x_wconf 79' lang='lat' dir='ltr'>gig.</span> <span class='ocrx_word' id='word_1_283' title='bbox 773 2508 806 2558; x_wconf 90' lang='lat' dir='ltr'>In</span> <span class='ocrx_word' id='word_1_284' title='bbox 824 2522 852 2559; x_wconf 88' lang='lat' dir='ltr'>v.</span> <span class='ocrx_word' id='word_1_285' title='bbox 872 2510 903 2583; x_wconf 81' lang='grc'>15</span> <span class='ocrx_word' id='word_1_286' title='bbox 921 2510 944 2560; x_wconf 90' lang='grc' dir='ltr'>Β</span> <span class='ocrx_word' id='word_1_287' title='bbox 963 2521 1009 2560; x_wconf 87' lang='lat' dir='ltr'>om</span> <span class='ocrx_word' id='word_1_288' title='bbox 1029 2525 1063 2568; x_wconf 81' lang='grc' dir='ltr'>εις</span> <span class='ocrx_word' id='word_1_289' title='bbox 1079 2524 1209 2578; x_wconf 75' lang='grc' dir='ltr'>αιγοπτον.</span> <span class='ocrx_word' id='word_1_290' title='bbox 1228 2510 1261 2560; x_wconf 90' lang='lat' dir='ltr'>In</span> <span class='ocrx_word' id='word_1_291' title='bbox 1279 2523 1308 2561; x_wconf 80' lang='lat' dir='ltr'>v.</span> <span class='ocrx_word' id='word_1_292' title='bbox 1334 2511 1365 2561; x_wconf 78' lang='lat' dir='ltr'>lii</span> <span class='ocrx_word' id='word_1_293' title='bbox 1386 2512 1415 2561; x_wconf 92' lang='lat' dir='ltr'>ln</span> <span class='ocrx_word' id='word_1_294' title='bbox 1434 2509 1490 2562; x_wconf 79' lang='lat' dir='ltr'>fine</span> <span class='ocrx_word' id='word_1_295' title='bbox 1510 2526 1536 2561; x_wconf 87' lang='grc' dir='ltr'>εν</span> <span class='ocrx_word' id='word_1_296' title='bbox 1558 2525 1642 2578; x_wconf 52' lang='lat' dir='ltr'>oukea</span> <span class='ocrx_word' id='word_1_297' title='bbox 1662 2506 1697 2565; x_wconf 70' lang='grc' dir='ltr'>κ’</span> <span class='ocrx_word' id='word_1_298' title='bbox 1712 2507 1765 2560; x_wconf 88' lang='lat' dir='ltr'>BC</span> <span class='ocrx_word' id='word_1_299' title='bbox 1788 2507 1837 2571; x_wconf 86' lang='lat' dir='ltr'>alq</span> 
     </span>
     <span class='ocr_line' id='line_1_25' title="bbox 505 2596 1839 2667; baseline -0.001 -20"><span class='ocrx_word' id='word_1_300' title='bbox 505 2598 613 2647; x_wconf 85' lang='lat' dir='ltr'>minuso</span> <span class='ocrx_word' id='word_1_301' title='bbox 626 2600 671 2648; x_wconf 88' lang='lat' dir='ltr'>eat</span> <span class='ocrx_word' id='word_1_302' title='bbox 685 2599 736 2647; x_wconf 90' lang='lat' dir='ltr'>sah</span> <span class='ocrx_word' id='word_1_303' title='bbox 750 2610 803 2662; x_wconf 87' lang='lat' dir='ltr'>oop</span> <span class='ocrx_word' id='word_1_304' title='bbox 815 2610 891 2657; x_wconf 87' lang='lat' dir='ltr'>arm;</span> <span class='ocrx_word' id='word_1_305' title='bbox 907 2613 951 2648; x_wconf 87' lang='grc' dir='ltr'>τοο</span> <span class='ocrx_word' id='word_1_306' title='bbox 967 2614 992 2647; x_wconf 87' lang='grc' dir='ltr'>εν</span> <span class='ocrx_word' id='word_1_307' title='bbox 1012 2614 1095 2667; x_wconf 61' lang='grc' dir='ltr'>ονρτμ</span> <span class='ocrx_word' id='word_1_308' title='bbox 1108 2602 1146 2655; x_wconf 66' lang='lat' dir='ltr'>al</span> <span class='ocrx_word' id='word_1_309' title='bbox 1162 2598 1214 2650; x_wconf 78' lang='lat' dir='ltr'>att</span> <span class='ocrx_word' id='word_1_310' title='bbox 1229 2600 1269 2650; x_wconf 90' lang='lat' dir='ltr'>tol</span> <span class='ocrx_word' id='word_1_311' title='bbox 1288 2601 1326 2664; x_wconf 85' lang='lat' dir='ltr'>pil</span> <span class='ocrx_word' id='word_1_312' title='bbox 1347 2599 1406 2651; x_wconf 87' lang='lat' dir='ltr'>Bed</span> <span class='ocrx_word' id='word_1_313' title='bbox 1426 2613 1461 2652; x_wconf 81' lang='lat' dir='ltr'>ex</span> <span class='ocrx_word' id='word_1_314' title='bbox 1479 2611 1582 2664; x_wconf 74' lang='lat' dir='ltr'>graeco</span> <span class='ocrx_word' id='word_1_315' title='bbox 1601 2600 1651 2663; x_wconf 85' lang='lat' dir='ltr'>qul</span> <span class='ocrx_word' id='word_1_316' title='bbox 1668 2596 1721 2648; x_wconf 90' lang='lat' dir='ltr'>luit</span> <span class='ocrx_word' id='word_1_317' title='bbox 1741 2599 1770 2647; x_wconf 95' lang='lat' dir='ltr'>ln</span> <span class='ocrx_word' id='word_1_318' title='bbox 1791 2596 1839 2647; x_wconf 85' lang='lat' dir='ltr'>Sl·</span> 
     </span>
     <span class='ocr_line' id='line_1_26' title="bbox 504 2685 1836 2768; baseline 0.001 -34"><span class='ocrx_word' id='word_1_319' title='bbox 504 2685 599 2746; x_wconf 86' lang='lat' dir='ltr'>ehem;</span> <span class='ocrx_word' id='word_1_320' title='bbox 619 2700 663 2735; x_wconf 81' lang='grc' dir='ltr'>τον</span> <span class='ocrx_word' id='word_1_321' title='bbox 679 2701 762 2753; x_wconf 60' lang='lat' dir='ltr'>cupra</span> <span class='ocrx_word' id='word_1_322' title='bbox 780 2687 836 2737; x_wconf 86' lang='lat' dir='ltr'>Dll</span> <span class='ocrx_word' id='word_1_323' title='bbox 856 2687 883 2737; x_wconf 87' lang='lat' dir='ltr'>al</span> <span class='ocrx_word' id='word_1_324' title='bbox 902 2687 931 2751; x_wconf 94' lang='lat' dir='ltr'>pl</span> <span class='ocrx_word' id='word_1_325' title='bbox 950 2700 988 2750; x_wconf 78' lang='lat' dir='ltr'>vg</span> <span class='ocrx_word' id='word_1_326' title='bbox 1003 2689 1070 2739; x_wconf 88' lang='lat' dir='ltr'>aoth</span> <span class='ocrx_word' id='word_1_327' title='bbox 1091 2687 1163 2749; x_wconf 83' lang='lat' dir='ltr'>Chr;</span> <span class='ocrx_word' id='word_1_328' title='bbox 1186 2690 1235 2752; x_wconf 78' lang='lat' dir='ltr'>gig</span> <span class='ocrx_word' id='word_1_329' title='bbox 1254 2688 1346 2739; x_wconf 87' lang='lat' dir='ltr'>solum</span> <span class='ocrx_word' id='word_1_330' title='bbox 1371 2688 1456 2739; x_wconf 84' lang='lat' dir='ltr'>hahet</span> <span class='ocrx_word' id='word_1_331' title='bbox 1479 2702 1486 2737; x_wconf 89' lang='lat'>:</span> <span class='ocrx_word' id='word_1_332' title='bbox 1511 2694 1541 2740; x_wconf 87' lang='lat' dir='ltr'>et</span> <span class='ocrx_word' id='word_1_333' title='bbox 1561 2688 1693 2768; x_wconf 75' lang='lat' dir='ltr'>translati</span> <span class='ocrx_word' id='word_1_334' title='bbox 1715 2689 1782 2738; x_wconf 90' lang='lat' dir='ltr'>suut</span> <span class='ocrx_word' id='word_1_335' title='bbox 1806 2686 1836 2736; x_wconf 91' lang='lat' dir='ltr'>ln</span> 
     </span>
     <span class='ocr_line' id='line_1_27' title="bbox 506 2772 629 2825; baseline 0.008 -3"><span class='ocrx_word' id='word_1_336' title='bbox 506 2772 629 2825; x_wconf 78' lang='lat' dir='ltr'>sichem.</span> 
     </span>
    </p>
   </div>
   <div class='ocr_carea' id='block_1_4' title="bbox 434 2911 1835 4809">
    <p class='ocr_par' dir='ltr' id='par_1_4' title="bbox 434 2911 1835 4809">
     <span class='ocr_line' id='line_1_28' title="bbox 547 2911 1832 3006; baseline 0.005 -28"><span class='ocrx_word' id='word_1_337' title='bbox 547 2911 703 2979; x_wconf 78' lang='lat' dir='ltr'>&#39;testibus</span> <span class='ocrx_word' id='word_1_338' title='bbox 718 2912 845 2980; x_wconf 89' lang='lat' dir='ltr'>audilis</span> <span class='ocrx_word' id='word_1_339' title='bbox 860 2935 891 2979; x_wconf 91' lang='grc' dir='ltr'><strong>ν.</strong></span> <span class='ocrx_word' id='word_1_340' title='bbox 912 2921 927 2981; x_wconf 92' lang='grc'>1</span> <span class='ocrx_word' id='word_1_341' title='bbox 946 2913 1040 2980; x_wconf 69' lang='lat' dir='ltr'>atati</span> <span class='ocrx_word' id='word_1_342' title='bbox 1056 2928 1174 2981; x_wconf 81' lang='lat' dir='ltr'>antem</span> <span class='ocrx_word' id='word_1_343' title='bbox 1185 2915 1348 3006; x_wconf 83' lang='lat' dir='ltr'>princeps</span> <span class='ocrx_word' id='word_1_344' title='bbox 1368 2914 1600 2996; x_wconf 83' lang='lat' dir='ltr'>sacerdotum,</span> <span class='ocrx_word' id='word_1_345' title='bbox 1615 2916 1676 3006; x_wconf 89' lang='lat' dir='ltr'>qui</span> <span class='ocrx_word' id='word_1_346' title='bbox 1693 2937 1832 3006; x_wconf 81' lang='lat' dir='ltr'>praeses</span> 
     </span>
     <span class='ocr_line' id='line_1_29' title="bbox 504 3018 1831 3106; baseline 0.007 -22"><span class='ocrx_word' id='word_1_347' title='bbox 504 3018 655 3106; x_wconf 83' lang='lat' dir='ltr'>synedrii</span> <span class='ocrx_word' id='word_1_348' title='bbox 676 3019 868 3086; x_wconf 81' lang='lat' dir='ltr'>censendus</span> <span class='ocrx_word' id='word_1_349' title='bbox 889 3025 959 3103; x_wconf 87' lang='lat' dir='ltr'>est,</span> <span class='ocrx_word' id='word_1_350' title='bbox 989 3021 1022 3086; x_wconf 80' lang='lat' dir='ltr'>si</span> <span class='ocrx_word' id='word_1_351' title='bbox 1042 3019 1126 3087; x_wconf 78' lang='lat' dir='ltr'>liaeo</span> <span class='ocrx_word' id='word_1_352' title='bbox 1147 3022 1198 3088; x_wconf 83' lang='lat' dir='ltr'>ita</span> <span class='ocrx_word' id='word_1_353' title='bbox 1220 3044 1256 3088; x_wconf 83' lang='lat' dir='ltr'>se</span> <span class='ocrx_word' id='word_1_354' title='bbox 1284 3020 1436 3089; x_wconf 78' lang='lat' dir='ltr'>tabeat?</span> <span class='ocrx_word' id='word_1_355' title='bbox 1462 3025 1487 3092; x_wconf 76' lang='grc' dir='ltr'>τί</span> <span class='ocrx_word' id='word_1_356' title='bbox 1511 3021 1615 3089; x_wconf 88' lang='lat' dir='ltr'>etiam</span> <span class='ocrx_word' id='word_1_357' title='bbox 1640 3022 1677 3088; x_wconf 90' lang='lat' dir='ltr'>in</span> <span class='ocrx_word' id='word_1_358' title='bbox 1698 3020 1831 3092; x_wconf 86' lang='lat' dir='ltr'>directa</span> 
     </span>
     <span class='ocr_line' id='line_1_30' title="bbox 504 3124 1834 3218; baseline 0.005 -28"><span class='ocrx_word' id='word_1_359' title='bbox 504 3124 777 3212; x_wconf 82' lang='lat' dir='ltr'>interrogatione</span> <span class='ocrx_word' id='word_1_360' title='bbox 791 3127 949 3215; x_wconf 88' lang='lat' dir='ltr'>ponitur;</span> <span class='ocrx_word' id='word_1_361' title='bbox 964 3126 1009 3194; x_wconf 87' lang='lat' dir='ltr'>ei.</span> <span class='ocrx_word' id='word_1_362' title='bbox 1029 3134 1102 3208; x_wconf 86' lang='lat' dir='ltr'>1,u;</span> <span class='ocrx_word' id='word_1_363' title='bbox 1120 3134 1211 3207; x_wconf 72' lang='lat' dir='ltr'>lut.</span> <span class='ocrx_word' id='word_1_364' title='bbox 1227 3132 1305 3195; x_wconf 86' lang='lat' dir='ltr'>Luc.</span> <span class='ocrx_word' id='word_1_365' title='bbox 1323 3135 1441 3210; x_wconf 77' lang='grc'><strong>13,13;</strong></span> <span class='ocrx_word' id='word_1_366' title='bbox 1454 3133 1576 3211; x_wconf 51' lang='lat' dir='ltr'>taath</span> <span class='ocrx_word' id='word_1_367' title='bbox 1591 3152 1623 3194; x_wconf 87' lang='grc' dir='ltr'>ν.</span> <span class='ocrx_word' id='word_1_368' title='bbox 1642 3128 1741 3218; x_wconf 68' lang='lat' dir='ltr'>iqui</span> <span class='ocrx_word' id='word_1_369' title='bbox 1757 3131 1834 3196; x_wconf 84' lang='lat' dir='ltr'>ait:</span> 
     </span>
     <span class='ocr_line' id='line_1_31' title="bbox 503 3230 1835 3325; baseline 0.005 -30"><span class='ocrx_word' id='word_1_370' title='bbox 503 3230 572 3296; x_wconf 76' lang='lat' dir='ltr'>viri</span> <span class='ocrx_word' id='word_1_371' title='bbox 579 3233 707 3319; x_wconf 75' lang='lat' dir='ltr'>fratres</span> <span class='ocrx_word' id='word_1_372' title='bbox 721 3243 753 3298; x_wconf 87' lang='lat' dir='ltr'>el</span> <span class='ocrx_word' id='word_1_373' title='bbox 759 3243 891 3323; x_wconf 78' lang='lat' dir='ltr'>patres,</span> <span class='ocrx_word' id='word_1_374' title='bbox 904 3253 982 3301; x_wconf 88' lang='lat' dir='ltr'>eum</span> <span class='ocrx_word' id='word_1_375' title='bbox 998 3232 1249 3320; x_wconf 81' lang='lat' dir='ltr'>significatione</span> <span class='ocrx_word' id='word_1_376' title='bbox 1265 3235 1475 3302; x_wconf 85' lang='lat' dir='ltr'>reverentiae</span> <span class='ocrx_word' id='word_1_377' title='bbox 1486 3236 1676 3325; x_wconf 90' lang='lat' dir='ltr'>omnesqui</span> <span class='ocrx_word' id='word_1_378' title='bbox 1688 3235 1835 3303; x_wconf 87' lang='lat' dir='ltr'>aderant</span> 
     </span>
     <span class='ocr_line' id='line_1_32' title="bbox 503 3336 1829 3431; baseline 0.005 -28"><span class='ocrx_word' id='word_1_379' title='bbox 503 3336 705 3426; x_wconf 88' lang='lat' dir='ltr'>alloquitur,</span> <span class='ocrx_word' id='word_1_380' title='bbox 728 3360 912 3409; x_wconf 84' lang='lat' dir='ltr'>assessores</span> <span class='ocrx_word' id='word_1_381' title='bbox 941 3339 1092 3426; x_wconf 85' lang='lat' dir='ltr'>synedrii</span> <span class='ocrx_word' id='word_1_382' title='bbox 1113 3353 1231 3430; x_wconf 82' lang='lat' dir='ltr'>patres</span> <span class='ocrx_word' id='word_1_383' title='bbox 1253 3341 1479 3431; x_wconf 84' lang='lat' dir='ltr'>compellans,</span> <span class='ocrx_word' id='word_1_384' title='bbox 1514 3341 1680 3431; x_wconf 87' lang='lat' dir='ltr'>reliquos,</span> <span class='ocrx_word' id='word_1_385' title='bbox 1707 3345 1829 3422; x_wconf 79' lang='lat' dir='ltr'>testes,</span> 
     </span>
     <span class='ocr_line' id='line_1_33' title="bbox 503 3442 1830 3539; baseline 0.005 -28"><span class='ocrx_word' id='word_1_386' title='bbox 503 3442 703 3511; x_wconf 85' lang='lat' dir='ltr'>lleilenistas</span> <span class='ocrx_word' id='word_1_387' title='bbox 727 3444 804 3512; x_wconf 93' lang='lat' dir='ltr'>illos</span> <span class='ocrx_word' id='word_1_388' title='bbox 832 3444 983 3534; x_wconf 86' lang='lat' dir='ltr'>aliosque</span> <span class='ocrx_word' id='word_1_389' title='bbox 1007 3446 1115 3534; x_wconf 66' lang='lat' dir='ltr'>(alt)</span> <span class='ocrx_word' id='word_1_390' title='bbox 1140 3445 1292 3533; x_wconf 56' lang='lat' dir='ltr'>fratrea·</span> <span class='ocrx_word' id='word_1_391' title='bbox 1316 3470 1386 3538; x_wconf 89' lang='lat' dir='ltr'>qua</span> <span class='ocrx_word' id='word_1_392' title='bbox 1409 3447 1540 3515; x_wconf 89' lang='lat' dir='ltr'>blanda</span> <span class='ocrx_word' id='word_1_393' title='bbox 1565 3447 1830 3539; x_wconf 81' lang='lat' dir='ltr'>compellatione</span> 
     </span>
     <span class='ocr_line' id='line_1_34' title="bbox 502 3549 1833 3644; baseline 0.003 -27"><span class='ocrx_word' id='word_1_394' title='bbox 502 3550 572 3617; x_wconf 89' lang='lat' dir='ltr'>iam</span> <span class='ocrx_word' id='word_1_395' title='bbox 587 3549 736 3617; x_wconf 86' lang='lat' dir='ltr'>ostendit</span> <span class='ocrx_word' id='word_1_396' title='bbox 754 3572 789 3618; x_wconf 89' lang='lat' dir='ltr'>se</span> <span class='ocrx_word' id='word_1_397' title='bbox 804 3551 955 3618; x_wconf 87' lang='lat' dir='ltr'>amioum</span> <span class='ocrx_word' id='word_1_398' title='bbox 966 3551 1089 3642; x_wconf 90' lang='lat' dir='ltr'>populi</span> <span class='ocrx_word' id='word_1_399' title='bbox 1105 3551 1223 3636; x_wconf 86' lang='lat' dir='ltr'>lsrael,</span> <span class='ocrx_word' id='word_1_400' title='bbox 1241 3552 1361 3621; x_wconf 79' lang='lat' dir='ltr'>atedite</span> <span class='ocrx_word' id='word_1_401' title='bbox 1372 3557 1486 3622; x_wconf 77' lang='lat' dir='ltr'>:Dares</span> <span class='ocrx_word' id='word_1_402' title='bbox 1497 3552 1646 3644; x_wconf 67' lang='lat' dir='ltr'>alariae,</span> <span class='ocrx_word' id='word_1_403' title='bbox 1670 3555 1833 3621; x_wconf 88' lang='lat' dir='ltr'>maiesta-</span> 
     </span>
     <span class='ocr_line' id='line_1_35' title="bbox 501 3656 1831 3749; baseline 0.005 -28"><span class='ocrx_word' id='word_1_404' title='bbox 501 3656 561 3738; x_wconf 82' lang='lat' dir='ltr'>tis,</span> <span class='ocrx_word' id='word_1_405' title='bbox 576 3659 661 3723; x_wconf 84' lang='lat' dir='ltr'>Deus</span> <span class='ocrx_word' id='word_1_406' title='bbox 675 3656 942 3743; x_wconf 83' lang='lat' dir='ltr'>gloriosissimus</span> <span class='ocrx_word' id='word_1_407' title='bbox 957 3658 1091 3748; x_wconf 78' lang='lat' dir='ltr'>(aaa),</span> <span class='ocrx_word' id='word_1_408' title='bbox 1110 3660 1169 3749; x_wconf 92' lang='lat' dir='ltr'>qui</span> <span class='ocrx_word' id='word_1_409' title='bbox 1184 3659 1258 3726; x_wconf 87' lang='lat' dir='ltr'>seii.</span> <span class='ocrx_word' id='word_1_410' title='bbox 1275 3659 1390 3748; x_wconf 81' lang='lat' dir='ltr'>gloria</span> <span class='ocrx_word' id='word_1_411' title='bbox 1410 3682 1538 3745; x_wconf 70' lang='lat' dir='ltr'>magna</span> <span class='ocrx_word' id='word_1_412' title='bbox 1554 3682 1590 3728; x_wconf 84' lang='lat' dir='ltr'>se</span> <span class='ocrx_word' id='word_1_413' title='bbox 1609 3660 1831 3728; x_wconf 80' lang='lat' dir='ltr'>manifestare</span> 
     </span>
     <span class='ocr_line' id='line_1_36' title="bbox 502 3762 1829 3851; baseline 0.005 -23"><span class='ocrx_word' id='word_1_414' title='bbox 502 3763 605 3842; x_wconf 83' lang='lat' dir='ltr'>solet,</span> <span class='ocrx_word' id='word_1_415' title='bbox 623 3764 671 3829; x_wconf 88' lang='lat' dir='ltr'>uti</span> <span class='ocrx_word' id='word_1_416' title='bbox 687 3762 842 3830; x_wconf 80' lang='lat' dir='ltr'>divinam</span> <span class='ocrx_word' id='word_1_417' title='bbox 867 3765 1079 3832; x_wconf 86' lang='lat' dir='ltr'>maiestatem</span> <span class='ocrx_word' id='word_1_418' title='bbox 1103 3787 1144 3832; x_wconf 83' lang='lat' dir='ltr'>aa</span> <span class='ocrx_word' id='word_1_419' title='bbox 1170 3764 1419 3834; x_wconf 89' lang='lat' dir='ltr'>sublimitatem</span> <span class='ocrx_word' id='word_1_420' title='bbox 1434 3766 1551 3851; x_wconf 79' lang='lat' dir='ltr'>deeet3</span> <span class='ocrx_word' id='word_1_421' title='bbox 1570 3768 1635 3834; x_wconf 84' lang='lat' dir='ltr'>hae</span> <span class='ocrx_word' id='word_1_422' title='bbox 1658 3790 1728 3835; x_wconf 88' lang='lat' dir='ltr'>una</span> <span class='ocrx_word' id='word_1_423' title='bbox 1746 3788 1829 3834; x_wconf 83' lang='lat' dir='ltr'>rore</span> 
     </span>
     <span class='ocr_line' id='line_1_37' title="bbox 434 3868 1827 3965; baseline 0.004 -31"><span class='ocrx_word' id='word_1_424' title='bbox 434 3930 436 3934; x_wconf 85' lang='lat'>.</span> <span class='ocrx_word' id='word_1_425' title='bbox 502 3868 629 3934; x_wconf 84' lang='lat' dir='ltr'>refutat</span> <span class='ocrx_word' id='word_1_426' title='bbox 643 3869 898 3937; x_wconf 85' lang='lat' dir='ltr'>accusationem</span> <span class='ocrx_word' id='word_1_427' title='bbox 913 3872 949 3936; x_wconf 91' lang='lat' dir='ltr'>in</span> <span class='ocrx_word' id='word_1_428' title='bbox 971 3871 1095 3958; x_wconf 84' lang='lat' dir='ltr'>vulgus</span> <span class='ocrx_word' id='word_1_429' title='bbox 1113 3894 1268 3960; x_wconf 88' lang='lat' dir='ltr'>sparsam</span> <span class='ocrx_word' id='word_1_430' title='bbox 1287 3872 1395 3963; x_wconf 72' lang='lat' dir='ltr'>(uu)</span> <span class='ocrx_word' id='word_1_431' title='bbox 1412 3874 1575 3964; x_wconf 81' lang='lat' dir='ltr'>apparuit</span> <span class='ocrx_word' id='word_1_432' title='bbox 1591 3873 1688 3965; x_wconf 80' lang='lat' dir='ltr'>patri</span> <span class='ocrx_word' id='word_1_433' title='bbox 1711 3886 1827 3940; x_wconf 83' lang='lat' dir='ltr'>nostra</span> 
     </span>
     <span class='ocr_line' id='line_1_38' title="bbox 501 3973 1832 4069; baseline 0.005 -30"><span class='ocrx_word' id='word_1_434' title='bbox 501 3973 658 4041; x_wconf 77' lang='lat' dir='ltr'>Abrahae</span> <span class='ocrx_word' id='word_1_435' title='bbox 677 3996 758 4041; x_wconf 83' lang='lat' dir='ltr'>cum</span> <span class='ocrx_word' id='word_1_436' title='bbox 772 3988 857 4043; x_wconf 82' lang='lat' dir='ltr'>esset</span> <span class='ocrx_word' id='word_1_437' title='bbox 871 3976 910 4043; x_wconf 85' lang='lat' dir='ltr'>ia</span> <span class='ocrx_word' id='word_1_438' title='bbox 918 3977 1177 4067; x_wconf 79' lang='lat' dir='ltr'>Mesopotamia,</span> <span class='ocrx_word' id='word_1_439' title='bbox 1185 3980 1394 4069; x_wconf 82' lang='lat' dir='ltr'>priusquam</span> <span class='ocrx_word' id='word_1_440' title='bbox 1407 3991 1599 4047; x_wconf 84' lang='lat' dir='ltr'>moraretur</span> <span class='ocrx_word' id='word_1_441' title='bbox 1615 3980 1652 4047; x_wconf 86' lang='lat' dir='ltr'>ia</span> <span class='ocrx_word' id='word_1_442' title='bbox 1674 3979 1832 4064; x_wconf 61' lang='lat' dir='ltr'>Olaurum·</span> 
     </span>
     <span class='ocr_line' id='line_1_39' title="bbox 502 4081 1827 4170; baseline 0.005 -24"><span class='ocrx_word' id='word_1_443' title='bbox 502 4081 669 4170; x_wconf 87' lang='lat' dir='ltr'>templum</span> <span class='ocrx_word' id='word_1_444' title='bbox 693 4081 849 4149; x_wconf 88' lang='lat' dir='ltr'>nondum</span> <span class='ocrx_word' id='word_1_445' title='bbox 873 4090 967 4165; x_wconf 82' lang='lat' dir='ltr'>erat,</span> <span class='ocrx_word' id='word_1_446' title='bbox 993 4084 1200 4152; x_wconf 82' lang='lat' dir='ltr'>sacrificium</span> <span class='ocrx_word' id='word_1_447' title='bbox 1224 4107 1298 4152; x_wconf 90' lang='lat' dir='ltr'>non</span> <span class='ocrx_word' id='word_1_448' title='bbox 1321 4093 1395 4153; x_wconf 88' lang='lat' dir='ltr'>erat</span> <span class='ocrx_word' id='word_1_449' title='bbox 1420 4093 1454 4153; x_wconf 88' lang='lat' dir='ltr'>et</span> <span class='ocrx_word' id='word_1_450' title='bbox 1475 4087 1592 4154; x_wconf 87' lang='lat' dir='ltr'>divina</span> <span class='ocrx_word' id='word_1_451' title='bbox 1616 4087 1746 4154; x_wconf 85' lang='lat' dir='ltr'>visione</span> <span class='ocrx_word' id='word_1_452' title='bbox 1772 4087 1827 4155; x_wconf 89' lang='lat' dir='ltr'>di-</span> 
     </span>
     <span class='ocr_line' id='line_1_40' title="bbox 501 4187 1825 4285; baseline 0.006 -32"><span class='ocrx_word' id='word_1_453' title='bbox 501 4194 625 4275; x_wconf 78' lang='lat' dir='ltr'>gnatus</span> <span class='ocrx_word' id='word_1_454' title='bbox 648 4192 700 4254; x_wconf 90' lang='lat' dir='ltr'>est</span> <span class='ocrx_word' id='word_1_455' title='bbox 719 4187 895 4255; x_wconf 74' lang='lat' dir='ltr'>Abraham</span> <span class='ocrx_word' id='word_1_456' title='bbox 917 4189 977 4278; x_wconf 91' lang='lat' dir='ltr'>qui</span> <span class='ocrx_word' id='word_1_457' title='bbox 995 4189 1033 4257; x_wconf 88' lang='lat' dir='ltr'>in</span> <span class='ocrx_word' id='word_1_458' title='bbox 1048 4190 1163 4258; x_wconf 85' lang='lat' dir='ltr'>alieua</span> <span class='ocrx_word' id='word_1_459' title='bbox 1178 4198 1270 4258; x_wconf 83' lang='lat' dir='ltr'>terra</span> <span class='ocrx_word' id='word_1_460' title='bbox 1282 4198 1371 4273; x_wconf 85' lang='lat' dir='ltr'>erat,</span> <span class='ocrx_word' id='word_1_461' title='bbox 1390 4193 1506 4260; x_wconf 87' lang='lat' dir='ltr'>statim</span> <span class='ocrx_word' id='word_1_462' title='bbox 1517 4192 1563 4260; x_wconf 89' lang='lat' dir='ltr'>ab</span> <span class='ocrx_word' id='word_1_463' title='bbox 1577 4194 1676 4261; x_wconf 89' lang='lat' dir='ltr'>initio</span> <span class='ocrx_word' id='word_1_464' title='bbox 1687 4192 1825 4285; x_wconf 89' lang='lat' dir='ltr'>opinio·</span> 
     </span>
     <span class='ocr_line' id='line_1_41' title="bbox 501 4293 1828 4387; baseline 0.006 -27"><span class='ocrx_word' id='word_1_465' title='bbox 501 4293 730 4361; x_wconf 84' lang='lat' dir='ltr'>aemiliorum</span> <span class='ocrx_word' id='word_1_466' title='bbox 746 4293 907 4362; x_wconf 80' lang='lat' dir='ltr'>convellit</span> <span class='ocrx_word' id='word_1_467' title='bbox 920 4302 955 4362; x_wconf 92' lang='lat' dir='ltr'>et</span> <span class='ocrx_word' id='word_1_468' title='bbox 970 4318 1031 4385; x_wconf 85' lang='lat' dir='ltr'>per</span> <span class='ocrx_word' id='word_1_469' title='bbox 1045 4320 1085 4365; x_wconf 89' lang='lat' dir='ltr'>eu</span> <span class='ocrx_word' id='word_1_470' title='bbox 1100 4319 1189 4387; x_wconf 91' lang='lat' dir='ltr'>qune</span> <span class='ocrx_word' id='word_1_471' title='bbox 1204 4297 1289 4366; x_wconf 88' lang='lat' dir='ltr'>dicit</span> <span class='ocrx_word' id='word_1_472' title='bbox 1301 4298 1394 4366; x_wconf 85' lang='lat' dir='ltr'>clare</span> <span class='ocrx_word' id='word_1_473' title='bbox 1408 4299 1553 4367; x_wconf 89' lang='lat' dir='ltr'>adstruit</span> <span class='ocrx_word' id='word_1_474' title='bbox 1563 4305 1608 4369; x_wconf 76' lang='grc' dir='ltr'>ὅτι</span> <span class='ocrx_word' id='word_1_475' title='bbox 1620 4306 1704 4370; x_wconf 67' lang='lat' dir='ltr'>sitta</span> <span class='ocrx_word' id='word_1_476' title='bbox 1719 4310 1796 4369; x_wconf 79' lang='grc' dir='ltr'>ἐστιν</span> <span class='ocrx_word' id='word_1_477' title='bbox 1813 4310 1828 4368; x_wconf 75' lang='lat' dir='ltr'>t</span> 
     </span>
     <span class='ocr_line' id='line_1_42' title="bbox 501 4402 1828 4496; baseline 0.005 -29"><span class='ocrx_word' id='word_1_478' title='bbox 501 4410 571 4480; x_wconf 68' lang='grc' dir='ltr'>νιος</span> <span class='ocrx_word' id='word_1_479' title='bbox 590 4408 683 4483; x_wconf 62' lang='lat' dir='ltr'>eirea</span> <span class='ocrx_word' id='word_1_480' title='bbox 702 4406 808 4485; x_wconf 75' lang='grc' dir='ltr'>αΰτὲς,</span> <span class='ocrx_word' id='word_1_481' title='bbox 825 4407 892 4471; x_wconf 74' lang='grc' dir='ltr'>οὐδὲ</span> <span class='ocrx_word' id='word_1_482' title='bbox 906 4406 943 4473; x_wconf 75' lang='grc' dir='ltr'>τὰ</span> <span class='ocrx_word' id='word_1_483' title='bbox 961 4412 1013 4487; x_wconf 80' lang='grc' dir='ltr'>ἔθη</span> <span class='ocrx_word' id='word_1_484' title='bbox 1028 4402 1122 4492; x_wconf 65' lang='lat' dir='ltr'>(Clau</span> <span class='ocrx_word' id='word_1_485' title='bbox 1150 4403 1332 4496; x_wconf 54' lang='lat' dir='ltr'>Pamphi:</span> <span class='ocrx_word' id='word_1_486' title='bbox 1350 4407 1385 4474; x_wconf 92' lang='lat' dir='ltr'>in</span> <span class='ocrx_word' id='word_1_487' title='bbox 1400 4406 1513 4474; x_wconf 88' lang='lat' dir='ltr'>aliena</span> <span class='ocrx_word' id='word_1_488' title='bbox 1531 4412 1623 4474; x_wconf 90' lang='lat' dir='ltr'>terra</span> <span class='ocrx_word' id='word_1_489' title='bbox 1641 4413 1721 4473; x_wconf 89' lang='lat' dir='ltr'>ante</span> <span class='ocrx_word' id='word_1_490' title='bbox 1739 4405 1828 4473; x_wconf 90' lang='lat' dir='ltr'>ritus</span> 
     </span>
     <span class='ocr_line' id='line_1_43' title="bbox 503 4506 1830 4598; baseline 0.005 -26"><span class='ocrx_word' id='word_1_491' title='bbox 503 4511 536 4572; x_wconf 90' lang='lat' dir='ltr'>et</span> <span class='ocrx_word' id='word_1_492' title='bbox 550 4506 777 4575; x_wconf 79' lang='lat' dir='ltr'>caerimonias</span> <span class='ocrx_word' id='word_1_493' title='bbox 791 4508 879 4595; x_wconf 82' lang='lat' dir='ltr'>legis</span> <span class='ocrx_word' id='word_1_494' title='bbox 898 4514 986 4576; x_wconf 87' lang='lat' dir='ltr'>Deus</span> <span class='ocrx_word' id='word_1_495' title='bbox 1001 4532 1065 4576; x_wconf 86' lang='lat' dir='ltr'>suu</span> <span class='ocrx_word' id='word_1_496' title='bbox 1077 4509 1228 4598; x_wconf 82' lang='lat' dir='ltr'>largitur</span> <span class='ocrx_word' id='word_1_497' title='bbox 1246 4511 1413 4580; x_wconf 81' lang='lat' dir='ltr'>beneficia</span> <span class='ocrx_word' id='word_1_498' title='bbox 1428 4513 1531 4581; x_wconf 89' lang='lat' dir='ltr'>modo</span> <span class='ocrx_word' id='word_1_499' title='bbox 1545 4513 1684 4594; x_wconf 79' lang='lat' dir='ltr'>eximi03</span> <span class='ocrx_word' id='word_1_500' title='bbox 1702 4534 1735 4579; x_wconf 90' lang='grc' dir='ltr'><strong>ν.</strong></span> <span class='ocrx_word' id='word_1_501' title='bbox 1753 4518 1773 4579; x_wconf 84' lang='grc'><strong>3</strong></span> <span class='ocrx_word' id='word_1_502' title='bbox 1795 4525 1830 4579; x_wconf 84' lang='lat' dir='ltr'>et</span> 
     </span>
     <span class='ocr_line' id='line_1_44' title="bbox 502 4610 1829 4708; baseline 0.005 -29"><span class='ocrx_word' id='word_1_503' title='bbox 502 4610 592 4679; x_wconf 76' lang='lat' dir='ltr'>dieii</span> <span class='ocrx_word' id='word_1_504' title='bbox 604 4610 652 4679; x_wconf 85' lang='lat' dir='ltr'>acl</span> <span class='ocrx_word' id='word_1_505' title='bbox 669 4613 771 4681; x_wconf 80' lang='lat' dir='ltr'>illam</span> <span class='ocrx_word' id='word_1_506' title='bbox 787 4636 800 4681; x_wconf 94' lang='lat'>.·</span> <span class='ocrx_word' id='word_1_507' title='bbox 814 4618 872 4682; x_wconf 81' lang='lat' dir='ltr'>eat</span> <span class='ocrx_word' id='word_1_508' title='bbox 883 4614 925 4683; x_wconf 84' lang='lat' dir='ltr'>de</span> <span class='ocrx_word' id='word_1_509' title='bbox 938 4628 1029 4682; x_wconf 72' lang='lat' dir='ltr'>terra</span> <span class='ocrx_word' id='word_1_510' title='bbox 1045 4627 1106 4683; x_wconf 85' lang='lat' dir='ltr'>tua</span> <span class='ocrx_word' id='word_1_511' title='bbox 1120 4628 1153 4684; x_wconf 82' lang='lat' dir='ltr'>at</span> <span class='ocrx_word' id='word_1_512' title='bbox 1167 4617 1209 4686; x_wconf 81' lang='lat' dir='ltr'>de</span> <span class='ocrx_word' id='word_1_513' title='bbox 1221 4618 1428 4708; x_wconf 73' lang='lat' dir='ltr'>caqnatt&#39;aae</span> <span class='ocrx_word' id='word_1_514' title='bbox 1441 4633 1502 4687; x_wconf 83' lang='lat' dir='ltr'>lua</span> <span class='ocrx_word' id='word_1_515' title='bbox 1515 4632 1548 4687; x_wconf 85' lang='lat' dir='ltr'>et</span> <span class='ocrx_word' id='word_1_516' title='bbox 1562 4619 1641 4686; x_wconf 78' lang='lat' dir='ltr'>ueni</span> <span class='ocrx_word' id='word_1_517' title='bbox 1649 4620 1686 4686; x_wconf 82' lang='lat' dir='ltr'>in</span> <span class='ocrx_word' id='word_1_518' title='bbox 1701 4632 1829 4686; x_wconf 82' lang='lat' dir='ltr'>terram</span> 
     </span>
     <span class='ocr_line' id='line_1_45' title="bbox 503 4721 1827 4809; baseline 0.007 -25"><span class='ocrx_word' id='word_1_519' title='bbox 503 4740 610 4809; x_wconf 83' lang='lat' dir='ltr'>qaam</span> <span class='ocrx_word' id='word_1_520' title='bbox 627 4733 863 4788; x_wconf 72' lang='lat' dir='ltr'>mansuevere</span> <span class='ocrx_word' id='word_1_521' title='bbox 879 4721 960 4808; x_wconf 57' lang='lat' dir='ltr'>aaa·</span> <span class='ocrx_word' id='word_1_522' title='bbox 975 4746 1008 4791; x_wconf 88' lang='lat' dir='ltr'>v.</span> <span class='ocrx_word' id='word_1_523' title='bbox 1025 4728 1044 4791; x_wconf 84' lang='lat' dir='ltr'>t</span> <span class='ocrx_word' id='word_1_524' title='bbox 1061 4735 1142 4791; x_wconf 73' lang='lat' dir='ltr'>triac</span> <span class='ocrx_word' id='word_1_525' title='bbox 1161 4725 1246 4791; x_wconf 75' lang='lat' dir='ltr'>exiit</span> <span class='ocrx_word' id='word_1_526' title='bbox 1269 4723 1311 4793; x_wconf 81' lang='lat' dir='ltr'>de</span> <span class='ocrx_word' id='word_1_527' title='bbox 1330 4739 1422 4795; x_wconf 85' lang='lat' dir='ltr'>terra</span> <span class='ocrx_word' id='word_1_528' title='bbox 1441 4725 1693 4796; x_wconf 78' lang='lat' dir='ltr'>Chaldaeorum</span> <span class='ocrx_word' id='word_1_529' title='bbox 1712 4738 1745 4793; x_wconf 83' lang='lat' dir='ltr'>et</span> <span class='ocrx_word' id='word_1_530' title='bbox 1764 4724 1827 4793; x_wconf 82' lang='grc' dir='ltr'>Ιιιι-</span> 
     </span>
    </p>
   </div>
   <div class='ocr_carea' id='block_1_5' title="bbox 0 0 2082 5452">
    <p class='ocr_par' dir='ltr' id='par_1_5' title="bbox 0 0 2082 5452">
     <span class='ocr_line' id='line_1_46' title="bbox 0 0 2082 5452; baseline 0 2"><span class='ocrx_word' id='word_1_531' title='bbox 0 0 2082 5452; x_wconf 95' lang='lat' dir='ltr'> </span> 
     </span>
    </p>
   </div>
  </div>
 </body>
</html>
