4010 5474
236 377 295 436 354
545 408 549 415 ·
766 388 831 432 scr.
856 374 1015 443 suntet.

234 528 430 591 exornatur.
447 521 594 590 Heredes
610 542 745 612 quoque
763 528 843 588 sunt
857 525 914 588 llei
933 527 967 588 et
978 521 1166 591 coheredes
1189 519 1316 590 Christi
1327 520 1439 612 (Rom.
1461 526 1560 614 8‚17)

238 636 355 721 utpote
387 629 468 710 filii;
493 633 600 718 quare
627 633 803 692 aeternam
835 626 981 693 salutem
1012 628 1155 695 nomine
1178 628 1380 697 hereditatis
1402 627 1562 716 designat
1600 638 1607 651 '

235 738 320 828 (sat.
348 743 418 819 aa.
441 733 527 823 spa.
547 736 712 812 1,1t.1s;
730 737 799 807 aa.
821 729 890 796 col.
914 737 1007 811 aaa.
1027 732 1130 799 near.
1154 738 1233 812 au
1258 733 1342 823 eta.)
1361 735 1446 803 iam
1464 734 1561 802 chri-

231 849 302 912 stus
320 843 403 910 dicit
416 837 531 906 llatth.
551 841 607 918 5,t
625 834 788 923 (graece).
807 839 900 902 Hauc
914 833 1141 903 hereditatem
1158 837 1220 904 det
1234 844 1321 906 Deus
1334 841 1560 932 sanctificatis

230 958 438 1039 ἡγιασμένοις,
459 941 521 1032 qui
542 940 617 1007 scil.
639 939 851 1006 sanctitatem
868 940 963 1007 illam
986 941 1022 1007 in
1043 940 1216 1032 baptismo
1236 951 1410 1034 receptam
1423 969 1560 1016 conser-

230 1053 345 1121 verint
365 1054 425 1117 aut
445 1045 683 1136 recuperarint
699 1045 793 1114 etita
806 1052 844 1113 ut
858 1045 965 1113 sancti
978 1046 1147 1116 tribunali
1159 1047 1286 1116 iudicis
1302 1051 1482 1119 sistuntur.
1497 1058 1558 1121 Sa-

231 1159 279 1226 let
298 1155 424 1224 Paulus
444 1153 562 1222 tidcles
586 1153 760 1244 appellare
778 1159 912 1220 sanctos
935 1154 1045 1244 (Rom.
1072 1162 1145 1238 1‚t;
1172 1160 1272 1238 8373
1300 1161 1418 1241 12,13;
1441 1164 1555 1240 16,15.

230 1268 306 1332 Car.
331 1269 385 1346 at
409 1262 502 1350 eta).
530 1259 703 1350 Baptismo
721 1259 813 1327 euim
831 1258 868 1326 iu
887 1259 1056 1328 Christum
1077 1260 1187 1351 (Rom.
1205 1261 1317 1353 (ht-7)
1332 1262 1445 1331 abluti
1462 1270 1552 1341 sunt,

229 1368 432 1438 sanctificati
444 1372 524 1435 sunt
539 1367 571 1454 (1
588 1369 665 1433 Cor.
684 1364 791 1454 6,11).
808 1365 861 1432 Uti
873 1364 937 1432 hos
950 1365 1177 1435 commendat
1189 1373 1272 1454 Deo,
1288 1369 1339 1436 ita
1351 1369 1390 1437 in
1404 1370 1558 1461 epistolis
1659 1381 1662 1387 ’

230 1498 368 1567 quoque
380 1475 577 1562 frequenter
593 1491 670 1537 suas
685 1491 748 1558 pro
763 1469 925 1537 fidelibus
940 1468 986 1537 ad
1000 1475 1108 1538 [teum
1122 1472 1296 1541 orationes
1308 1482 1556 1545 commemorat

227 1583 338 1672 (Ram.
356 1582 568 1663 t‚10.1cor.
587 1583 655 1658 1‚t.
670 1573 756 1642 Phil.
777 1582 844 1657 1‚t.
861 1576 933 1642 Col.
953 1581 1021 1657 1‚3.
1043 1581 1060 1643 1
1078 1577 1193 1646 Thess.
1213 1578 1297 1668 aa).

270 1693 411 1754 Demum
419 1681 649 1751 necessarium
663 1703 734 1748 esse
748 1688 863 1748 censet
877 1702 934 1748 eos
958 1702 1102 1750 mouere
1126 1687 1166 1750 ut
1179 1683 1225 1751 ab
1248 1685 1345 1752 omni
1357 1686 1556 1776 cupiditatis

227 1798 259 1860 et
277 1791 441 1859 avaritiae
460 1788 573 1879 specie
592 1785 713 1855 sedulo
730 1793 874 1853 caveant
887 1809 921 1853 v.
939 1792 981 1854 33
1003 1799 1191 1878 arpentum
1214 1801 1248 1858 et
1269 1813 1395 1859 aurum
1418 1806 1481 1860 aut
1500 1816 1555 1861 ve·
1587 1871 1589 1875 ¹

226 1912 309 1966 stem
319 1895 453 1965 nullius
463 1893 655 1984 concupivi,
672 1892 760 1959 sicut
769 1915 801 1958 v.
815 1898 856 1959 at
871 1892 940 1983 ipsi
950 1893 1057 1980 scitis,
1069 1895 1298 1986 quaninmad
1309 1919 1351 1965 ea
1363 1920 1452 1989 quae
1466 1898 1555 1966 miii

225 2026 309 2095 opus
321 2015 419 2071 eraut
435 2015 468 2068 ct
483 1999 535 2067 his
549 2003 611 2090 qui
623 2020 754 2066 mecum
769 2011 848 2066 suut
873 1998 1166 2068 ministraverunt
1179 2023 1304 2070 manus
1325 2002 1411 2071 istac
1418 2026 1435 2092 ,·
1452 2003 1552 2095 proin

223 2110 346 2202 Ephesi
362 2129 501 2199 quoquc
514 2104 720 2174 observabat
732 2104 825 2193 quod
844 2103 936 2195 apud
958 2105 1279 2177 Thessalonicenses
1302 2117 1337 2177 et
1358 2109 1553 2179 Corinthios

222 2238 258 2284 se
276 2215 392 2282 fecisse
418 2212 539 2280 scribit
570 2213 602 2300 (1
632 2211 746 2278 Thess.
769 2215 875 2293 Qut
899 2210 1013 2281 Thess.
1031 2218 1102 2294 3‚8.
1126 2220 1143 2281 1
1160 2218 1237 2283 Car.
1255 2217 1549 2308 t‚12;e‚tsaq.);

223 2321 297 2388 vult
308 2321 403 2387 enim
414 2317 633 2405 evangelium
650 2318 872 2405 siuesumptu
887 2338 1016 2406 ponere
1028 2318 1061 2408 (1
1077 2322 1154 2387 car.
1168 2319 1263 2409 9,18)
1275 2325 1311 2388 et
1322 2323 1431 2409 gratis
1445 2344 1551 2389 evan-³

222 2427 370 2515 gelizare
384 2425 419 2514 (t
438 2428 514 2492 Cor.
534 2422 626 2512 11,r)
642 2423 733 2489 etita
747 2422 877 2489 maiore
891 2422 925 2488 vi
938 2427 973 2491 et
982 2423 1106 2492 effectu
1120 2446 1193 2493 sesa
1208 2448 1387 2518 opponere
1401 2427 1552 2519 pseudo-

222 2532 387 2625 apostolis
406 2533 467 2621 qui
483 2531 616 2597 lucrum
630 2536 786 2618 spectant
804 2531 835 2614 (2
853 2532 928 2595 Cor.
948 2534 1080 2617 1130),
1097 2530 1182 2599 dum
1198 2532 1275 2623 ipse
1288 2533 1402 2604 salum
1416 2534 1551 2603 ammas

221 2640 353 2707 salvare
369 2637 481 2705 studet
497 2659 505 2705 ε
522 2658 594 2703 non
609 2634 702 2702 euim
716 2655 844 2725 quaero
860 2656 948 2724 quae
962 2641 1079 2704 vestra
1091 2642 1184 2721 sunt,
1198 2637 1261 2706 sed
1276 2660 1338 2706 vos
1354 2640 1389 2729 (Ξ
1401 2643 1477 2709 Cor.
1492 2646 1547 2725 12,

224 2746 290 2836 rt).
322 2750 390 2812 lloc
420 2765 481 2810 suo
510 2742 665 2831 exemplo
689 2740 733 2808 ad
757 2740 1027 2810 succurrendum
1055 2742 1176 2830 egenis
1202 2743 1395 2814 excitentur
1412 2751 1550 2838 oportet

220 2876 253 2920 v.
275 2859 317 2920 35
338 2848 455 2917 omnia
473 2846 609 2916 ostendi
629 2849 735 2934 vobis,
758 2847 922 2937 paeoniam
941 2846 991 2915 sic
1011 2847 1206 2917 laborantes
1223 2863 1357 2942 oportet
1374 2853 1548 2943 suscipere

221 2957 387 3047 infirmos,
411 2954 528 3044 egenis
547 2974 649 3044 opem
672 2958 847 3044 praestare
867 2952 961 3041 (Oea.
986 2952 1133 3045 Thespi.
1158 2954 1280 3043 Felt.);
1304 2957 1365 3026 sed
1384 2958 1547 3050 plerique
1638 3032 1641 3037 ,

220 3064 388 3153 explicant
410 3062 453 3129 de
479 3059 627 3128 infirmis
645 3058 681 3125 in
702 3059 769 3126 fide
787 3060 848 3148 qui
871 3058 970 3126 facile
994 3059 1228 3143 offendantur,
1256 3063 1285 3130 si
1309 3068 1451 3154 sumptu
1465 3086 1546 3152 gra·

220 3177 343 3237 ventur
356 3175 415 3235 aut
430 3167 647 3256 suspieentur
668 3165 841 3232 ministros
861 3163 920 3252 agi
943 3187 1004 3254 spe
1025 3165 1115 3234 lucri
1137 3166 1196 3257 (ct.
1212 3171 1299 3258 Lap.
1320 3169 1412 3236 Beel.
1432 3171 1543 3240 Galm.

219 3279 313 3344 Patr.
337 3274 420 3363 Bt).
443 3272 510 3342 Sed
525 3293 613 3362 quaa
628 3270 801 3361 apostolus
819 3269 928 3354 addit,
949 3272 1103 3360 priorem
1123 3273 1386 3364 explicationem
1400 3276 1545 3347 suadere

218 3380 558 3450 omninorideutur:
585 3401 625 3445 ac
653 3376 846 3443 tricurinissc
871 3375 965 3443 serbi
991 3377 1133 3446 Domini
1158 3379 1253 3465 lesu,
1281 3381 1449 3471 quioniam
1472 3383 1544 3474 ipse

217 3488 326 3557 desit:
342 3487 472 3555 beatius
487 3497 536 3552 cst
546 3484 658 3573 strapis
672 3483 755 3550 darc
771 3505 876 3572 quam
893 3482 1048 3573 accipere
1052 3503 1068 3569 ;
1079 3484 1146 3552 hoc
1159 3485 1287 3554 Christi
1299 3486 1444 3556 verbum
1458 3493 1544 3558 Pau·

218 3597 271 3664 lus
292 3594 391 3662 nobis
413 3593 573 3660 servavit.
598 3590 681 3665 Quia
702 3591 818 3679 itaque
838 3590 971 3657 lucetius
991 3588 1122 3659 dicitur
1139 3590 1225 3660 dare
1243 3614 1351 3683 quam
1370 3596 1539 3685 accipere,

216 3828 319 3897 quam
334 3805 379 3873 ab
400 3803 470 3871 illis
489 3800 675 3891 accipiant3
692 3800 728 3868 id
747 3800 838 3891 quad
863 3823 923 3868 suo
941 3823 1081 3892 quoque
1101 3804 1260 3894 exemplo
1279 3803 1350 3873 illis
1372 3826 1408 3874 se
1429 3813 1543 3878 osten·

216 3912 306 3980 disse
321 3910 502 4002 profitetur
518 3907 706 3997 etquidem
717 3928 786 3973 non
804 3906 879 3974 siue
901 3927 1034 3995 magno
1047 3929 1112 3976 suo
1127 3907 1250 3978 labore
1266 3910 1325 4001 (cf.
1342 3914 1537 4005 κοπιῶντας).

215 4023 322 4098 Quare
333 4014 422 4085 illud
433 4036 629 4082 succurrere
642 4013 788 4104 infirmis
798 4013 918 4081 eodem
932 4036 1033 4082 seusu
1043 4013 1111 4083 erit
1121 4015 1377 4107 accipiendum.
1395 4024 1446 4086 lta
1456 4042 1539 4090 sane

215 4146 318 4216 quam
343 4121 575 4191 efficacissime
602 4119 748 4209 suspicio
773 4118 939 4187 avaritiae
965 4120 1144 4189 avertitur.
1175 4126 1299 4193 Censet
1323 4123 1463 4194 criticus
1485 4127 1540 4195 vir

215 4232 279 4320 (W
278 4229 357 4319 eiss)
373 4227 477 4296 talem
495 4225 772 4294 adhortationem
787 4225 985 4295 nullatenus
995 4232 1077 4318 apte
1092 4226 1151 4296 hic
1163 4229 1311 4321 apponit

256 4334 536 4406 Adhortationem
563 4332 645 4399 tusis
668 4331 828 4422 precibus
857 4332 1031 4400 concludit
1054 4333 1092 4403 id
1113 4342 1292 4405 exsecutus
1317 4337 1536 4428 quodmodo

212 4468 243 4513 v.
259 4451 302 4512 32
315 4442 447 4510 dixerat
460 4463 493 4509 v.
507 4446 549 4507 36
564 4451 596 4506 ct
611 4460 689 4506 cum
698 4438 780 4506 haec
792 4437 946 4525 dixisset,
954 4438 1080 4529 positis
1086 4440 1232 4532 penitus
1245 4441 1319 4510 suis
1332 4443 1446 4513 aravit
1457 4469 1537 4515 cum

212 4550 367 4619 carnibus
382 4548 471 4634 utta·
485 4547 529 4616 ci.
548 4552 644 4630 t,ts;
660 4550 740 4611 uota
757 4566 887 4613 marem
909 4545 1077 4635 precandi
1099 4546 1194 4615 flexis
1218 4547 1369 4637 genibus
1387 4552 1536 4643 aprima

211 4657 282 4746 ipsa
298 4655 464 4724 Ecclesiae
478 4657 590 4721 aetate
612 4650 705 4741 apud
720 4650 927 4719 Christianos
947 4650 1161 4721 obtinentem
1188 4659 1269 4736 21,5
1285 4657 1426 4748 (Patr.);
1443 4681 1476 4728 v.
1491 4666 1535 4727 3⁷

211 4784 356 4854 ruayuus
369 4774 485 4830 aretem
500 4761 602 4850 [tetus
611 4761 730 4849 sactus
744 4769 793 4826 est
803 4757 955 4826 omnium
967 4772 1001 4827 et
1015 4761 1277 4849 procumbentes
1290 4785 1393 4854 super
1406 4763 1534 4834 collum
