4154 5452
1055 411 1122 456 aer.
1145 395 1281 469 ras-22.
1771 400 1829 461 129

505 552 633 641 2,9,1);
656 569 734 617 cum
755 546 901 614 Hebraei
919 546 1047 634 egressi
1070 548 1150 611 sunt
1167 544 1232 612 sub
1251 543 1408 633 dynastia
1430 540 1601 625 Tbebaea,
1620 544 1701 613 huic
1718 549 1827 637 dyna-

505 657 590 725 stiae
614 674 732 743 regem
756 651 868 719 alium
886 672 1068 720 accensere
1093 652 1281 741 poterimus
1303 650 1361 740 (cl.
1384 648 1426 717 de
1451 649 1707 732 Hummelcuer,
1729 658 1828 723 Com-

505 768 611 832 ment.
632 762 668 826 in
686 762 743 827 Ex.
766 763 845 827 Lev.
862 783 897 849 p.
919 757 995 844 32);
1012 759 1040 823 is
1053 779 1125 825 non
1142 763 1243 825 norat
1257 758 1380 847 loseph
1394 778 1506 846 neque
1525 757 1654 826 eiusde
1673 764 1829 850 Aegypto

506 869 629 936 merita
652 867 809 953 agnovit3
834 865 890 931 vel
913 863 942 929 si
963 863 1105 931 fortasse
1128 885 1256 931 nomen
1286 865 1361 930 eius
1393 884 1516 952 resque
1544 866 1827 950 gestas'noverit,

505 975 719 1040 Pharaonem
742 972 800 1040 cui
818 971 877 1039 ille
897 971 1062 1037 servierat
1079 975 1318 1060 usurpatorem
1341 968 1539 1059 reputabat,
1562 969 1634 1037 eius
1653 993 1781 1040 nomen
1797 980 1831 1040 et

505 1079 674 1168 imagines
698 1075 967 1146 emonumentis
993 1076 1145 1155 delebat,
1173 1080 1207 1144 et
1227 1075 1438 1143 contribules
1461 1075 1583 1166 loseph
1609 1077 1832 1145 aversabatur

507 1184 563 1276 (de
604 1183 852 1253 Hzcmmelouer
884 1183 909 1250 l.
949 1183 1015 1272 c.);
1045 1196 1079 1251 ν.
1110 1188 1150 1250 19
1174 1181 1230 1250 tic
1252 1181 1521 1249 circumveniens
1545 1205 1653 1272 pervus
1677 1198 1831 1251 nostrum

505 1298 774 1380 κατασοφισάμενος
795 1291 820 1357 i.
843 1312 873 1356 e.
895 1299 1076 1379 πανούργοις
1094 1296 1234 1370 ἐπινοίαις
1256 1294 1351 1358 αὐτῶν
1373 1298 1578 1377 περιγενέσθαι
1591 1296 1831 1376 βουλευσάμενος

507 1402 630 1490 (Oea),
657 1396 755 1482 dolo,
778 1397 878 1464 malis
895 1397 1027 1464 artibus
1042 1396 1331 1478 circumveniens,
1347 1394 1483 1485 afflixit
1497 1406 1775 1485 petrunculus,
1791 1411 1829 1465 ut

506 1516 714 1595 exponerent
733 1502 885 1592 insontes
903 1525 982 1569 suos
1003 1524 1045 1569 ne
1064 1501 1344 1593 vivificarentur;
1362 1506 1420 1569 Ex.
1442 1507 1521 1578 ΜΕ).
1535 1503 1712 1594 praecepit
1724 1505 1830 1587 enim,

507 1617 544 1678 ut
563 1610 663 1701 pueri
686 1611 758 1677 nati
784 1610 1036 1700 proiicerentur
1060 1609 1098 1676 in
1124 1608 1271 1692 flumem
1292 1631 1325 1675 v.
1357 1614 1400 1676 20
1419 1607 1536 1675 eodem
1559 1621 1711 1697 tempore
1729 1623 1832 1678 natm
1890 1600 1894 1612 ¹

505 1731 554 1785 est
569 1719 702 1808 Moyses
714 1729 747 1784 ec
762 1715 837 1804 fuit
850 1728 970 1805 pratus
982 1718 1051 1783 Deo
1066 1717 1184 1796 ἀστεῖος
1195 1725 1238 1804 τῷ
1253 1717 1323 1811 Θεῷ
1335 1716 1405 1804 (Ex.
1423 1720 1482 1796 Μ
1499 1728 1572 1786 utu,
1586 1720 1667 1784 Lxx
1682 1718 1829 1807 ἀστεῖος),

505 1824 653 1915 explicat
671 1845 791 1891 vocem
815 1825 892 1891 Oce.
917 1827 1090 1910 εὐάρεστος,
1116 1833 1182 1907 ἤτοι
1205 1829 1360 1909 caeptam
1385 1825 1480 1889 notat
1500 1826 1617 1891 tamen
1642 1845 1651 1892 :
1672 1831 1691 1908 ἢ
1709 1826 1829 1906 ἀστεῖος

504 1940 614 2020 κυρίως
639 1941 654 1999 ὁ
680 1939 711 1998 ὲν
735 1937 854 2019 παιδιαῇ
874 1936 978 2022 ἡλικίᾳ
998 1931 1074 1997 κατὰ
1103 1939 1188 2014 σῶμα
1210 1930 1387 2014 ἀμώμητος.
1416 1932 1517 1995 Recte
1540 1929 1656 2020 itaque
1684 1934 1742 1999 ΕΔ.
1769 1937 1828 2013 2,2

505 2037 599 2125 vulg.
623 2035 809 2126 pucrulum
832 2034 1026 2124 eleqoutem
1047 2034 1150 2103 fuisse
1171 2034 1331 2122 legimus.
1358 2033 1505 2102 Additur
1523 2045 1564 2123 τῷ
1583 2038 1654 2125 Θεῷ
1671 2036 1695 2103 i.
1714 2059 1745 2104 e.
1763 2041 1830 2104 Deo

504 2142 633 2226 iudice,
656 2164 773 2210 coram
795 2147 879 2222 Deo,
901 2142 965 2232 ipsi
981 2142 1049 2209 Deo
1069 2140 1147 2208 talis
1161 2144 1234 2209 erat
1245 2140 1279 2209 et
1291 2138 1497 2223 habebatur,
1516 2162 1584 2231 qua
1598 2140 1748 2212 dictione
1762 2166 1832 2211 non

504 2250 614 2318 solum
627 2249 826 2317 enuntiatur
840 2270 919 2315 eum
934 2270 1012 2316 vere
1025 2247 1129 2315 fuisse
1142 2247 1332 2315 formosum
1347 2246 1452 2337 (Beel.
1474 2250 1568 2315 Patr.
1589 2248 1695 2340 Felt.)
1711 2272 1825 2341 neque

505 2354 662 2423 additum
691 2354 780 2424 illud
804 2360 941 2423 tantum
963 2353 1211 2444 superlativum
1232 2374 1370 2421 sensum
1390 2353 1557 2421 adieetivo
1585 2354 1707 2424 tribuit
1732 2356 1815 2447 (ΒΖ.)

505 2484 625 2531 verum
645 2462 703 2531 Dei
716 2462 924 2553 peculiarem
940 2482 1075 2544 curam,
1092 2459 1364 2552 providentiam,
1381 2459 1656 2529 benevolentiam
1672 2462 1831 2550 designat
1963 2454 1968 2463 ’

506 2569 597 2657 (vide
616 2592 705 2659 quae
725 2568 796 2636 dixi
811 2568 855 2636 ad
873 2572 946 2635 lon.
968 2567 1054 2659 33).
1075 2569 1155 2635 Eius
1168 2572 1383 2635 venustatem
1398 2566 1518 2635 laudat
1532 2567 1630 2635 Philo
1650 2587 1658 2635 :
1676 2576 1830 2657 γεννηθεὶς

504 2681 590 2756 εὖθὺς
612 2684 677 2762 Ξψιν
700 2685 837 2764 ἑνέρηνεν
856 2678 1043 2764 testerepo
1059 2684 1078 2760 ἢ
1096 2675 1162 2743 κατ’
1178 2675 1295 2759 ἰδιώτην
1315 2674 1396 2761 (vita
1411 2677 1512 2761 MOYS.
1536 2674 1604 2764 1,3)
1624 2679 1657 2741 et
1670 2675 1831 2764 pluribus

503 2803 579 2849 eam
601 2781 754 2849 celebrat
777 2782 943 2872 losephus
969 2781 1096 2872 (antiq.
1121 2779 1249 2871 2‚9,s);
1276 2780 1340 2871 qui
1359 2779 1511 2846 nutritus
1535 2792 1585 2847 est
1603 2780 1710 2848 tribus
1732 2804 1829 2849 merr-

502 2889 592 2954 sibus
606 2888 641 2955 in
658 2887 759 2955 domo
767 2885 885 2977 petris
899 2886 967 2954 sui.
1628 2892 1634 2910 ¹

548 3022 564 3055 (ι
590 2994 732 3072 Quando
755 2995 907 3061 bumana
933 2993 1065 3061 nullam
1089 3014 1186 3084 spem
1212 2990 1423 3075 offerebant,
1446 2997 1481 3060 et
1499 2992 1598 3060 illum
1617 2993 1824 3079 abiecerant,

501 3105 583 3168 tune
603 3100 659 3167 Dei
682 3099 901 3190 providentia
920 3099 1017 3167 lulsit
1039 3126 1056 3160 ιι
1079 3098 1193 3191 (car.)
1210 3119 1242 3165 v.
1264 3104 1304 3166 21
1322 3098 1475 3190 exposito
1489 3110 1605 3166 eutem
1625 3099 1705 3184 illc,
1726 3101 1830 3169 abeo

503 3208 627 3275 servati
641 3213 720 3274 sunt
735 3229 837 3296 quem
855 3206 1002 3297 perdere
1019 3205 1201 3288 volebant3
1215 3204 1250 3272 id
1267 3204 1392 3273 accidit
1404 3204 1606 3296 inlosepbo,
1621 3205 1658 3273 id
1672 3206 1831 3275 similiter

504 3313 540 3380 in
559 3319 668 3401 lloyse
687 3314 743 3402 (cl.
769 3311 882 3403 Clzr.);
903 3335 962 3396 en,
985 3313 1078 3380 idem
1097 3312 1134 3379 in
1155 3318 1230 3380 lesu
1243 3351 1288 3363 -
1301 3311 1441 3379 sustulit
1455 3334 1532 3379 eum
1542 3312 1621 3402 filiu
1636 3313 1830 3382 Pharaonis

504 3433 536 3487 et
568 3419 715 3486 uretrieit
742 3441 820 3485 eum
849 3418 917 3485 sibi
949 3419 987 3485 in
1017 3419 1155 3509 lilium
1189 3422 1246 3486 Ex.
1274 3423 1411 3501 2,3-10;
1436 3440 1566 3485 nomen
1598 3418 1689 3488 filiae
1723 3421 1827 3490 fuisse

504 3529 672 3614 Θέρμουθις
698 3527 805 3594 refert
830 3523 990 3615 Iosephus
1013 3524 1142 3615 (antiq.
1165 3529 1278 3609 e,9,7;
1300 3522 1380 3592 vide
1400 3522 1443 3591 de
1458 3524 1703 3593 Hummelouer
1716 3526 1741 3594 l.
1759 3528 1825 3618 c.);

507 3664 522 3696 «
548 3655 719 3722 nusquam
741 3632 926 3723 templum,
951 3653 1122 3722 nusquam
1143 3630 1369 3716 sacrificium,
1396 3630 1476 3699 licet
1498 3636 1548 3699 tot
1571 3636 1736 3722 tantaque
1758 3634 1826 3702 dis-

505 3746 699 3830 pensentur,
727 3746 761 3806 et
780 3738 945 3807 educatus
970 3736 1076 3805 estin
1099 3737 1251 3805 barbara
1276 3737 1378 3804 domo
1405 3764 1422 3799 »
1447 3736 1570 3827 (Cirr).
1596 3742 1686 3826 Ergo
1706 3739 1828 3807 alieni·

504 3845 601 3932 genis
628 3851 714 3912 [teus
736 3843 911 3913 commisit
941 3866 1060 3912 euram
1082 3842 1242 3912 servandi
1266 3850 1299 3911 et
1324 3843 1493 3912 educandi
1517 3866 1596 3912 eum
1621 3866 1726 3935 quem
1755 3845 1828 3936 ipse

504 3950 696 4042 principem
723 3957 757 4018 et
774 3951 1030 4041 redemptorem
1056 3949 1178 4042 populi
1201 3949 1255 4019 sui
1272 3949 1440 4039 elegerat!
1458 3954 1507 4017 lta
1522 3952 1646 4018 fastum
1664 3951 1828 4042 deprimit

502 4056 696 4140 iudaicum;
718 4057 847 4147 pariter
865 4056 990 4125 lastum
1014 4057 1106 4124 hunc
1128 4055 1278 4124 excludit
1297 4079 1331 4123 v.
1353 4063 1398 4123 οἳ
1418 4067 1450 4123 et
1463 4056 1619 4124 emditus
1633 4068 1681 4124 est
1695 4060 1829 4149 Moyses

504 4164 599 4230 omui
626 4162 800 4255 sapientia
823 4164 1092 4253 Aeppptiomm,
1117 4163 1156 4231 id
1179 4162 1278 4230 Philo
1301 4161 1461 4252 pluribus
1481 4170 1599 4231 narrat
1621 4163 1705 4255 (vita
1724 4169 1825 4254 lloys.

506 4272 574 4360 1‚5)
591 4278 626 4338 et
638 4292 714 4338 eum
731 4278 868 4338 secutus
882 4270 1038 4337 Clemens
1054 4269 1142 4338 alex.
1166 4270 1303 4356 (Strom.
1326 4274 1422 4354 1333
1440 4271 1487 4337 Μ.
1502 4270 1633 4362 8,900),
1651 4272 1711 4362 qui
1724 4272 1829 4339 etiam

505 4379 608 4444 refert
629 4401 737 4468 puero
759 4377 794 4445 in
819 4376 1078 4445 circumcisione
1103 4396 1229 4443 nomen
1252 4375 1377 4444 loaeim
1394 4399 1466 4445 esse
1479 4377 1696 4467 impositum;
1711 4391 1830 4446 eierat

502 4497 622 4573 polens
646 4485 681 4551 ι’νι
709 4486 817 4552 uerbis
835 4497 867 4550 et
892 4483 931 4569 ire
955 4483 1112 4573 operibus
1129 4483 1220 4561 suis·
1240 4481 1381 4550 minime
1400 4484 1466 4551 hoc
1489 4490 1638 4574 pugnat,
1657 4489 1696 4551 ut
1718 4485 1828 4553 Weiss

504 4589 595 4667 vult,
614 4614 693 4659 cum
709 4595 764 4658 Ex.
782 4598 953 4681 u‚10seq;
971 4589 1102 4657 nodum
1119 4589 1196 4658 iam.
1204 4590 1305 4657 solvit
1321 4588 1431 4660 θοίνα.
1449 4592 1599 4658 :scimus
1610 4589 1829 4681 impeditiore

505 4698 607 4763 luisse
621 4719 794 4781 sermone,
817 4699 939 4786 lingua
952 4698 1051 4787 gravi
1069 4719 1109 4764 ae
1126 4696 1277 4780 diffieili3
1293 4702 1329 4766 at
1340 4698 1487 4766 orationi
1502 4697 1554 4765 vis
1567 4697 1694 4781 inerat,
1713 4697 1829 4787 gravi·

507 4812 576 4889 tas,
599 4804 720 4888 robur;
741 4827 856 4895 neque
877 4804 970 4873 enim
989 4803 1122 4873 tardior
1135 4804 1257 4892 lingua
1270 4804 1427 4894 impedit,
1446 4802 1629 4896 quominus
1643 4804 1680 4871 in
1694 4809 1828 4874 senten·

890 4933 1085 4973 antummum,
1102 4946 1135 4958 -
1150 4932 1177 4971 m
1193 4932 1274 4971 serus
1288 4931 1373 4971 crosa.
1392 4944 1424 4957 -
1438 4923 1454 4969 9
