4010 5474
1007 442 1073 488 scr.
1098 427 1212 494 lus-7.
1716 425 1778 486 325

448 579 493 649 ad
516 587 613 651 Rom.
634 600 671 668 p.
702 585 780 646 311».
807 581 923 666 Neque
946 574 1092 642 latinum
1115 575 1153 640 in
1181 595 1250 665 quo
1270 572 1370 640 aliter
1388 578 1438 640 est
1457 572 1772 663 interpretandum.

447 692 531 757 Nam
557 688 595 755 in
619 684 794 754 latinitate
815 681 951 770 vulgari
976 680 1170 771 promiscue
1189 679 1227 747 in
1243 678 1466 768 coniungitur
1479 699 1557 744 cum
1572 678 1726 747 ablativo
1741 685 1777 747 et

347 816 351 824 ·
405 807 411 819 '
446 794 639 862 accusativo
661 795 695 856 et
717 809 815 856 casus
837 788 876 855 hi
898 788 989 857 inter
1012 811 1049 856 se
1066 791 1312 879 permutantur
1328 784 1526 854 discrimine
1539 782 1682 869 linguae
1698 784 1774 852 oul-

448 888 544 966 tioris
559 895 730 983 neglecto.
755 894 824 979 Qui
835 893 1026 963 dicerunt:
1042 893 1081 961 ira
1092 893 1234 962 loannis
1254 894 1473 984 baptismate,
1494 894 1537 971 εἷς
1554 900 1588 958 τὸ
1600 894 1686 969 eto.;
1707 916 1723 951 a
1738 889 1777 956 in

445 1025 517 1093 quo
546 1022 708 1092 responso
741 1007 792 1070 est
824 1000 957 1091 aliquid
984 1000 1199 1079 inconcinui3
1233 999 1319 1088 quid
1347 998 1444 1066 enim
1467 1003 1518 1066 est
1545 995 1717 1085 baptizari
1739 995 1777 1061 in

447 1107 638 1199 cuiuspiam
652 1109 887 1199 baptismum?
901 1127 1027 1196 nempe
1042 1105 1072 1172 si
1084 1104 1184 1172 aliter
1202 1104 1407 1192 interrogati
1421 1105 1581 1186 luissent,
1595 1100 1774 1185 dixissent,

444 1215 581 1307 opinor,
601 1214 768 1306 baptizati
787 1212 915 1279 luimus
931 1233 952 1278 a
967 1214 1107 1291 loanne;
1123 1208 1207 1278 hinc
1221 1231 1304 1278 vero
1319 1232 1398 1278 cum
1410 1215 1620 1300 rogarentur
1633 1209 1671 1277 in
1691 1205 1779 1299 quid

446 1320 612 1413 baptizati
640 1324 762 1400 assent,
787 1315 1001 1408 respondent
1020 1340 1028 1383 ε
1055 1317 1092 1385 in
1111 1316 1285 1407 baptisma
1298 1317 1435 1384 loannis
1451 1344 1467 1378 a
1489 1315 1626 1406 (dcet).
1642 1321 1708 1384 Eos
1722 1314 1779 1382 ul-

448 1428 554 1496 terius
578 1424 701 1493 edocet
727 1423 854 1492 Paulus
879 1423 1057 1511 assignans
1079 1422 1242 1512 baptismi
1267 1421 1403 1490 loannis
1426 1420 1716 1508 significationem
1742 1427 1777 1488 et

449 1533 592 1600 efferens
606 1528 651 1599 ad
667 1528 755 1620 quid
768 1528 889 1597 tendat
903 1527 993 1597 illud
1007 1552 1041 1597 v.
1061 1534 1076 1596 l
1095 1526 1317 1596 dimicantem
1331 1525 1460 1596 Paulas
1475 1549 1489 1594 .·
1501 1529 1649 1595 loannes
1664 1527 1778 1617 bapti·

317 1641 320 1647 '
445 1636 539 1704 savit
561 1637 734 1727 baptismo
748 1636 983 1727 poeniteutiae
1003 1634 1191 1727 populum,
1215 1640 1253 1701 ut
1275 1633 1443 1726 populum
1463 1633 1509 1701 ad
1525 1631 1774 1725 poenitentiam

446 1743 623 1827 excitaret,
650 1742 769 1812 dicens
791 1763 804 1809 .·
829 1741 868 1809 in
887 1764 965 1809 eisin
983 1744 1047 1833 qui
1060 1753 1223 1809 uenturus
1237 1753 1289 1809 est
1299 1753 1380 1833 post
1396 1740 1510 1832 ipsum
1524 1751 1564 1807 ut
1582 1737 1771 1826 crederent,

445 1851 508 1918 ltoe
528 1861 578 1918 est
601 1850 640 1917 in
662 1851 798 1935 Iesum,·
822 1847 994 1938 baptismo
1018 1855 1052 1917 et
1072 1847 1329 1939 praedicatione
1351 1845 1570 1916 annuntiavit
1589 1851 1774 1915 venturum

404 1995 408 2003 .
444 1957 597 2024 Messinm
615 1960 649 2022 et
669 1954 776 2023 tidem
791 1953 830 2022 in
850 1976 930 2022 eum
948 1976 1137 2045 provocare
1156 1953 1289 2023 studuit
1308 1954 1367 2045 (ci.
1389 1954 1505 2023 llatth.
1523 1961 1543 2023 3
1562 1959 1616 2021 11.
1637 1956 1725 2020 llare
1741 1956 1772 2036 1,

445 2066 479 2129 8.
499 2067 579 2130 Luc.
600 2066 694 2145 alo.
717 2064 811 2129 ioan.
836 2065 915 2151 136
935 2059 1035 2149 seq.).
1055 2059 1261 2128 Summatim
1281 2059 1453 2128 indicatur
1471 2080 1531 2127 cos
1549 2058 1690 2127 aPaulo
1704 2078 1776 2125 esse
1796 2071 1798 2074 ·

445 2167 578 2258 plenius
592 2166 783 2250 institutos3
808 2188 841 2233 v.
864 2172 884 2233 5
906 2163 961 2231 iis
982 2163 1114 2232 auditis
1131 2163 1302 2256 baptizati
1319 2177 1402 2232 aunt
1418 2165 1456 2231 iu
1474 2163 1615 2232 nomine
1633 2161 1778 2230 Domini

419 2276 488 2354 ἐἰς
511 2282 546 2342 τὸ
565 2279 674 2357 tropea
703 2270 782 2339 vide
804 2269 849 2339 ad
872 2276 971 2355 2383
994 2270 1135 2338 additur
1152 2271 1264 2338 altera
1282 2271 1430 2339 lectione
1448 2291 1457 2340 τ
1479 2269 1518 2338 in
1538 2267 1773 2338 remissionem
1897 2316 1901 2321 -

445 2383 680 2470 peecatorum,
702 2399 771 2469 quo
790 2376 895 2445 etiam
910 2376 1048 2469 plenius
1065 2376 1253 2446 discrimen
1266 2376 1410 2446 effertur
1428 2376 1670 2468 abaptismate
1689 2398 1773 2467 poe·

443 2483 621 2554 nitentiae.
638 2482 738 2563 Quod
749 2488 884 2551 veteres
896 2489 1122 2574 protestantes
1137 2485 1395 2552 contenderunt
1407 2482 1622 2573 baptismum
1635 2483 1774 2551 loannis

323 2604 328 2611 ’
445 2591 547 2659 luisse
574 2589 668 2659 idem
697 2589 792 2681 quod
819 2588 990 2680 baptisma
1017 2590 1156 2672 Christi,
1182 2612 1203 2659 a
1226 2588 1478 2658 recentioribus
1504 2587 1775 2680 protestantibus

443 2694 619 2787 explosam
643 2700 708 2777 est3
736 2701 857 2764 contra
879 2695 958 2764 illos
976 2695 1191 2764 statuebatur
1209 2717 1322 2763 canon
1343 2701 1359 2763 1
1375 2695 1418 2764 de
1431 2693 1604 2785 baptismo
1618 2716 1698 2762 scss.
1718 2697 1770 2761 Vll

442 2802 584 2870 Concilii
606 2800 786 2869 tridentini
812 2823 821 2871 ε
842 2800 871 2868 si
895 2803 973 2890 quis
990 2801 1114 2871 dixerit
1132 2802 1346 2893 baptismum
1362 2799 1497 2870 loannis
1515 2799 1678 2869 habuisse
1691 2822 1771 2869 ean·

443 2908 523 2977 dem
539 2907 609 2975 rim
629 2928 708 2975 oum
721 2906 894 2997 baptismo
911 2907 1051 2989 Christi,
1068 2913 1107 2975 Α.
1124 2913 1156 2977 S.

488 3013 586 3083 Clare
610 3012 760 3081 alterum
781 3019 1035 3081 sacramentum
1060 3013 1262 3102 designatur
1288 3036 1320 3081 u.
1348 3022 1368 3082 6
1393 3026 1427 3082 et
1449 3036 1527 3082 cum
1553 3012 1772 3106 imposuisset

445 3118 516 3188 illis
538 3140 661 3187 nmuus
675 3119 824 3205 Paulus,
850 3119 945 3187 uenit
965 3118 1116 3211 Spiritus
1134 3132 1274 3188 sanctus
1293 3142 1396 3211 semer
1418 3142 1474 3189 eos
1492 3133 1526 3189 et
1545 3119 1774 3211 loquebantur

445 3224 576 3316 linquis
595 3237 628 3292 et
639 3217 918 3315 prophetiticum
937 3226 982 3292 cs.
1003 3232 1100 3308 8,16;
1117 3232 1234 3310 10,t6;
1250 3232 1331 3308 217
1345 3232 1379 3295 et
1397 3233 1471 3304 13,1
1492 3234 1557 3295 etl
1581 3231 1658 3296 Cor.
1677 3232 1767 3309 its.

442 3336 593 3411 —Quae
616 3331 673 3399 hic
691 3329 736 3398 de
754 3330 861 3399 Paulo
875 3331 1084 3412 referuntur,
1101 3331 1253 3422 aliquam
1269 3331 1399 3401 habent
1410 3332 1674 3402 similitudinem
1689 3351 1768 3399 cum

444 3439 485 3506 iis
503 3459 593 3528 quae
609 3439 729 3504 Petrus
746 3435 827 3504 iecit
845 3442 926 3520 8,ss
943 3442 977 3504 et
993 3440 1107 3518 lost.
1124 3437 1218 3507 Unde
1238 3469 1254 3501 a
1272 3438 1414 3507 critici»
1434 3438 1665 3522 contendunt,
1682 3437 1770 3506 haec

441 3543 486 3612 de
508 3543 613 3611 Paulo
634 3563 708 3610 csse
724 3543 884 3623 conficta,
907 3548 946 3610 ut
960 3565 1001 3610 ea
1015 3566 1154 3635 quoque
1172 3545 1208 3611 in
1228 3566 1265 3612 re
1282 3548 1381 3612 Petro
1399 3544 1687 3638 aequipararetur
1707 3544 1769 3633 (ita

444 3652 547 3733 Bam,
571 3646 680 3716 Zeller
698 3653 733 3715 et
755 3647 959 3738 nuperrime
983 3647 1107 3739 Helu).
1140 3650 1195 3717 lsti
1216 3649 1379 3742 epistolas
1401 3650 1557 3742 paulinas
1574 3671 1648 3718 non
1668 3671 1768 3719 nosse

444 3754 612 3823 videntur.
631 3757 716 3822 Nam
734 3753 772 3821 in
789 3754 942 3823 ecclesiis
962 3777 983 3821 a
1000 3753 1106 3822 Paulo
1122 3754 1292 3836 fundatis,
1309 3755 1584 3835 Thessalonicae,
1599 3755 1765 3840 Corinthi,

443 3861 537 3951 apud
561 3860 711 3941 Galatas,
740 3859 792 3928 uti
811 3859 977 3951 epistolae
996 3860 1093 3928 Pauli
1114 3866 1291 3943 testantur,
1309 3862 1401 3930 dona
1418 3868 1453 3931 et
1468 3862 1677 3931 charismata
1692 3861 1769 3952 Spi-

443 3965 530 4033 ritus
551 3965 661 4034 sancti
680 3964 840 4033 fidelibus
858 3966 996 4035 abunde
1011 3966 1268 4036 tribuebantur.
1290 3971 1360 4036 lam
1379 3967 1429 4036 ibi
1445 3967 1569 4037 Paulus
1588 3966 1770 4059 praedica-

442 4072 514 4155 bat,
536 4071 694 4140 ecelesias
717 4069 903 4155 lundabat,
934 4079 969 4140 ct
988 4073 1206 4172 impositione
1234 4094 1400 4142 manuum
1424 4073 1589 4165 Spiritum
1612 4065 1768 4144 san'ctum

443 4176 623 4269 baptizatis
643 4175 821 4245 tribuebat
843 4177 901 4268 (cl.
928 4181 949 4243 2
973 4179 1059 4247 Tim.
1088 4180 1172 4269 lp).
1198 4178 1233 4246 si
1256 4179 1374 4270 itaque
1398 4179 1520 4249 inillis
1538 4179 1769 4272 ecclesiisper

444 4282 539 4352 Pauli
563 4281 857 4374 praedicationem
876 4289 912 4351 et
937 4305 1103 4353 manuum
1125 4284 1380 4378 impositionem
1400 4286 1559 4356 coelestia
1577 4286 1671 4356 dona
1687 4284 1772 4355 lide·

444 4389 535 4458 libus
553 4388 803 4474 obveniebant,
822 4411 912 4479 quae
931 4391 1018 4459 ratio
1034 4392 1177 4481 reperiri
1189 4393 1318 4483 poterit
1330 4392 1484 4482 negandi
1495 4391 1551 4461 vel
1565 4391 1603 4461 in
1618 4390 1767 4460 dubium

444 4494 588 4563 vocandi
623 4494 718 4586 quod
749 4493 809 4562 hic
846 4499 1026 4564 narraturi
1060 4498 1172 4566 Aliam
1207 4498 1435 4569 ratiunculam
1472 4497 1606 4567 invenit
1643 4500 1767 4568 Weiss.
1804 4500 1810 4510 ’

443 4600 494 4691 (p.
519 4601 617 4692 at1);
637 4600 768 4691 legitur
786 4601 825 4669 in
844 4622 877 4669 v.
894 4609 914 4669 'l
930 4615 1029 4670 εναηι
1047 4617 1164 4672 autem
1184 4626 1300 4674 omues
1314 4604 1383 4674 uiri
1394 4606 1471 4695 sere
1485 4603 1686 4690 duodecim,
1701 4626 1770 4696 quo

443 4726 588 4776 numero
608 4704 695 4774 dicit
717 4706 792 4775 sine
816 4706 889 4775 ullo
905 4705 1032 4793 dubio,
1048 4709 1156 4778 immo
1170 4711 1387 4801 apertissime
1401 4711 1510 4780 alludi
1523 4711 1569 4781 ad
1584 4710 1770 4780 duodecim

444 4813 630 4905 apostolom
661 4811 754 4882 unde
779 4815 850 4882 iam
873 4818 992 4905 patere
1017 4820 1125 4886 totam
1143 4818 1379 4888 narrationem
1403 4840 1473 4888 esse
1489 4817 1580 4887 nihil
1594 4818 1691 4887 aliud
1705 4817 1773 4887 nisi
