4010 5474
995 412 1060 456 ια.
1084 396 1241 470 reas-ro,
1719 400 1778 459 sss

457 552 595 638 ἀγοραῖοι
608 556 722 618 σύνοδοι
738 546 843 636 (Bt),
859 558 892 612 et
900 543 1118 634 proconsules
1132 555 1212 615 snut
1227 541 1382 633 (pluralis
1397 564 1499 632 quem
1515 548 1708 632 categoriae
1722 547 1778 616 di·

455 655 569 744 cunt);
591 661 665 725 erat
678 654 755 719 Asia
774 650 954 741 provincia
972 648 1242 741 proconsularis;
1262 660 1421 717 accusent
1444 648 1604 734 inuicem,
1639 675 1778 722 oausam

455 763 563 850 igitur
576 758 733 846 legitime
748 756 838 824 inter
853 779 889 824 se
915 756 1104 848 disceptent
1127 756 1221 848 apud
1248 757 1503 844 magistratum
1522 779 1555 822 v.
1582 763 1624 824 39
1643 756 1780 847 siquid

456 879 574 935 autent
586 863 729 931 alterius
741 864 793 931 rei
805 864 971 955 quaeritis
993 872 1177 953 περαιτέρω,
1190 863 1331 932 ulterius
1352 862 1454 951 (gig),
1469 870 1665 953 praeterea,
1683 863 1779 954 quod

454 994 527 1040 non
541 970 588 1038 ad
601 993 740 1040 causam
756 977 886 1061 spectat
903 971 1091 1051 forensem,
1112 969 1149 1035 in
1172 967 1329 1057 [epitimo
1348 968 1492 1035 ecclesia
1513 982 1628 1055 potest
1646 969 1780 1038 absolui

455 1088 485 1145 ἐν
500 1095 537 1168 τῇ
557 1084 673 1168 ἐννόμῳ
687 1086 847 1169 tartede,
873 1070 961 1166 quae
976 1073 1080 1141 dictio
1094 1073 1226 1164 pariter
1236 1073 1274 1141 in
1291 1073 1409 1165 aliqua
1429 1073 1652 1166 inscriptione
1668 1075 1778 1166 ephe-

454 1183 648 1273 sialegitur
666 1184 865 1275 (auriasicen
881 1191 1003 1265 ἔννομον
1027 1188 1210 1265 ἐκκλησίαν,
1226 1181 1316 1270 apud
1336 1179 1462 1264 Wootl,
1481 1186 1568 1273 App.
1589 1205 1625 1272 p.
1644 1187 1699 1260 38;
1721 1181 1779 1249 Vt'·

454 1313 615 1382 pouroue
627 1292 650 1357 Ι.
670 1314 701 1358 c.
717 1312 753 1380 p.
770 1293 852 1368 289,
877 1284 1031 1377 Wendt);
1048 1287 1149 1376 proin
1166 1289 1202 1355 in
1220 1292 1388 1355 conventu
1411 1287 1583 1374 legitimo,
1603 1288 1717 1379 qualis
1738 1310 1779 1355 ex

456 1397 536 1484 lege
550 1397 651 1465 certis
664 1392 786 1461 diebus
800 1392 931 1460 institui
948 1394 1044 1461 solet.
1672 1458 1674 1463 s

500 1502 585 1569 Dein
597 1499 854 1591 quoeftioacius
866 1500 1089 1589 persuadeat,
1104 1498 1261 1568 meminit
1276 1500 1418 1589 periculi
1438 1523 1469 1568 v.
1488 1507 1529 1569 to
1544 1522 1625 1568 narn
1641 1514 1674 1567 ct
1682 1501 1779 1591 peri-

456 1581 731 1697 clitomnrurpni
743 1605 923 1674 seditionis
935 1605 1121 1674 hodiernae
1136 1606 1289 1675 accusari
1304 1605 1483 1675 seditionis
1496 1613 1631 1697 περὶτῆς
1647 1617 1778 1694 σήμερον

456 1713 499 1782 de
525 1713 695 1782 hodierno
722 1717 909 1796 conventu,
934 1734 1012 1779 cunc
1047 1711 1164 1779 nullus
1191 1711 1357 1779 obnoxius
1380 1712 1425 1780 sit
1451 1712 1493 1780 de
1515 1735 1584 1803 quo
1601 1713 1779 1804 possimus

455 1818 597 1888 reddere
609 1820 779 1889 rationem
798 1839 983 1887 concursus
1003 1818 1114 1898 istius,
1132 1826 1257 1905 μηδενὸς
1273 1821 1363 1888 αἰτίου
1379 1823 1564 1908 ὑπάρχοντος
1581 1841 1659 1887 cum
1682 1819 1779 1887 nulla

456 1948 558 1995 causa
576 1926 735 2009 excidat,
757 1925 800 1993 de
827 1947 898 2015 qua
920 1924 1088 2016 possimus
1110 1926 1280 1993 rationem
1299 1925 1445 1994 reddere
1467 1924 1563 1994 istius
1591 1946 1779 1993 concursus

454 2032 759 2116 tumultuantium,
781 2049 964 2120 συστρορῆς;
979 2031 1170 2121 pericolum
1193 2037 1259 2114 est,
1275 2053 1318 2099 ne
1333 2030 1378 2100 de
1393 2034 1543 2099 tumultu
1558 2051 1775 2106 accusemur:

455 2159 535 2206 nam
554 2140 690 2206 curiste
716 2158 898 2205 concursus
916 2138 1025 2205 iactus
1047 2137 1107 2220 sit,
1137 2136 1269 2205 nullam
1295 2158 1476 2227 possumus
1494 2138 1616 2206 afferre
1638 2159 1777 2205 oausam

455 2266 544 2334 quae
558 2241 756 2335 proconsuli
770 2242 948 2334 probetur.
968 2247 1006 2309 ln
1022 2241 1170 2311 lectione
1181 2249 1251 2331 περὶ
1265 2243 1298 2312 οὗ
1309 2247 1342 2312 σὺ
1355 2249 1539 2329 δυνησόμεθα
1557 2241 1645 2311 illud
1656 2249 1726 2332 περὶ
1742 2245 1775 2312 οὗ

456 2372 525 2419 non
544 2355 656 2441 potest
676 2348 795 2418 reterri
814 2348 859 2415 ad
878 2347 1085 2417 antecedens
1102 2352 1211 2436 αἰτίου,
1237 2370 1320 2418 nam
1342 2347 1536 2419 ediceretur
1560 2349 1775 2418 contrarium

455 2456 528 2524 eius
546 2455 639 2546 quod
655 2454 717 2523 ille
729 2454 844 2524 dicere
858 2454 947 2539 vuit,
968 2454 1101 2523 nuliam
1114 2455 1274 2524 exsistere
1287 2476 1424 2524 causam
1439 2456 1482 2524 de
1501 2478 1570 2548 qua
1581 2478 1652 2524 non
1670 2455 1779 2548 possi-

456 2584 531 2630 mus
545 2562 715 2630 rationem
730 2561 892 2641 reddere3
914 2561 973 2628 sed
987 2559 1090 2628 debet
1102 2560 1223 2629 relerri
1237 2560 1283 2628 ad
1297 2566 1401 2628 totam
1416 2562 1620 2629 sententiam
1641 2548 1778 2630 antece·

455 2667 596 2736 dentem
613 2667 764 2758 :dequo
781 2666 867 2756 (scil.
888 2665 932 2734 de
951 2672 1118 2734 conventu
1137 2666 1256 2735 habito
1277 2665 1560 2735 tumultuantium
1585 2688 1681 2737 more
1702 2667 1776 2735 aine

455 2774 528 2842 ulla
543 2774 659 2863 causa)
681 2795 753 2841 non
773 2772 943 2862 possimus
962 2771 1131 2841 rationem
1153 2771 1314 2858 reddere,
1330 2779 1364 2841 et
1378 2772 1520 2842 additur
1534 2773 1777 2842 declarationis

454 2902 557 2949 causa
571 2880 627 2947 vel
646 2878 863 2971 epexegetiee
881 2884 950 2968 περὶ
972 2897 1026 2964 τῆς
1052 2897 1216 2968 συστροφῆς
1229 2890 1359 2965 ταύτης,
1382 2901 1451 2971 quo
1474 2879 1615 2949 nomine
1633 2880 1776 2949 demum

455 2995 600 3072 ἐκκλησία
622 2985 908 3054 tumultuantium
932 2984 1072 3075 proprie
1101 2984 1318 3073 designatur,
1334 2997 1367 3053 et
1393 3007 1470 3054 cnm
1498 2985 1581 3055 laec
1612 2984 1771 3072 dixisset,

455 3090 588 3160 dimisit
603 3090 800 3175 ecclesiom;
813 3090 956 3158 Paulum
970 3090 1007 3156 in
1025 3089 1172 3157 maximo
1190 3090 1292 3159 fuisse
1311 3090 1465 3182 periculo
1479 3091 1591 3161 elucet
1606 3116 1646 3161 ex
1664 3098 1774 3162 iCor.

458 3204 513 3280 1,8
527 3219 615 3288 seq.,
632 3196 670 3265 id
682 3196 777 3289 quod
789 3197 854 3265 hac
873 3197 1069 3264 narratione
1083 3200 1193 3265 Lucae
1205 3218 1275 3265 non
1289 3197 1335 3266 ita
1349 3198 1501 3268 effertur.

497 3441 596 3518 Negat
610 3436 700 3498 Bour
713 3437 795 3499 hanc
806 3437 1021 3498 uenationem
1032 3435 1072 3498 ad
1082 3437 1129 3499 rei
1140 3438 1307 3501 veritatem
1320 3456 1389 3501 esse
1401 3440 1647 3515 conformatam,
1660 3458 1775 3503 verum

458 3535 625 3600 contendit
640 3552 679 3596 ea
692 3535 798 3597 solum
814 3535 960 3614 praeberi
983 3535 1119 3597 sormam
1138 3535 1300 3614 quandam
1317 3553 1354 3598 ac
1371 3537 1512 3618 speciem
1531 3538 1571 3600 ad
1590 3538 1775 3601 describen-

456 3635 532 3696 dum
547 3638 669 3713 quanto
684 3649 831 3695 successu
852 3631 966 3693 Paulus
983 3631 1214 3711 praedicaverit
1227 3631 1354 3713 (Paulus
1369 3634 1381 3695 l
1396 3651 1428 3714 p.
1444 3636 1530 3713 21ῑ);
1547 3635 1644 3698 fidem
1664 3653 1772 3698 rerum

456 3731 555 3794 etiam
572 3728 723 3792 Ooerbcrl·
738 3730 771 3791 in
787 3730 1008 3808 quaestionem
1021 3734 1127 3805 vocat3
1143 3729 1306 3792 existimat
1320 3731 1406 3793 enim
1420 3733 1553 3813 exprimi
1568 3733 1601 3794 in
1617 3751 1656 3795 ea
1669 3751 1775 3795 nama-

454 3829 545 3890 tione
560 3829 678 3890 iterum
693 3844 759 3907 quo
773 3826 907 3889 consilio
923 3827 1040 3888 Paulus
1053 3827 1086 3888 in
1098 3827 1283 3906 regionibus
1294 3828 1439 3909 gentium
1448 3830 1650 3892 laboraverit.
1662 3831 1775 3892 Fidem

455 3925 647 3987 narrationis
668 3928 811 3986 eredere
840 3922 949 3984 ii‘eizs.
968 3940 1097 4004 quoque
1115 3929 1250 3987 conatur
1267 3922 1313 4006 (p.
1327 3927 1417 4006 3³⁰ss
1433 3932 1587 4006 provocat
1604 3927 1644 3989 ad
1665 3931 1679 3989 t
1703 3929 1773 3990 Gor.

456 4023 547 4096 13,ae
568 4039 577 4084 τ
598 4021 626 4083 si
643 4021 683 4083 ad
704 4021 825 4083 bestias
849 4022 987 4101 pugnavi
1007 4020 1137 4101 Ephesi,
1154 4021 1232 4102 quid
1252 4020 1332 4085 mibi
1352 4022 1499 4103 prodest,
1520 4023 1546 4084 si
1569 4025 1687 4088 mortui
1708 4042 1775 4087 non

454 4116 646 4201 resurgunt!
673 4123 705 4181 et
727 4118 890 4181 contendit
910 4119 944 4180 in
966 4118 1024 4180 hac
1049 4123 1156 4181 nostra
1178 4119 1359 4182 narratione
1382 4121 1499 4183 serrari
1519 4126 1650 4185 tenuem
1674 4140 1775 4203 quan-

454 4218 528 4280 dam
544 4219 694 4280 umbram
719 4217 811 4278 istius
831 4216 1023 4297 tipum-ptem
1036 4217 1105 4279 scil.
1127 4233 1166 4279 ex
1188 4216 1243 4278 ilia
1260 4216 1523 4280 condemnatione
1539 4219 1628 4282 Pauli
1648 4237 1707 4301 per
1726 4221 1776 4281 iu·

455 4315 542 4378 dices
569 4315 669 4391 tactu,
697 4318 732 4377 ut
753 4314 864 4377 bestiis
890 4313 1091 4377 devorandus
1114 4313 1315 4387 obiiceretun
1343 4315 1422 4377 nihil
1445 4333 1516 4379 esse
1539 4315 1688 4379 relictum
1712 4316 1775 4378 nisi

454 4413 633 4476 tumultum
650 4414 761 4475 turbae
776 4412 808 4473 in
823 4410 948 4473 theatro
961 4416 1072 4474 contra
1082 4410 1219 4475 Paulum
1232 4413 1414 4489 absentem3
1430 4413 1522 4476 Pauli
1537 4429 1612 4476 sero
1628 4412 1661 4475 in
1681 4431 1777 4476 arena

455 4510 707 4573 incolumitatem
731 4509 852 4572 mutari
877 4509 910 4570 in
935 4509 1114 4572 narratione
1142 4507 1202 4571 bac
1224 4526 1263 4571 ao
1286 4510 1382 4572 medo
1405 4528 1469 4590 quo
1492 4511 1660 4574 videamus
1688 4512 1776 4592 ipsos

339 4623 345 4630 ·
455 4607 659 4688 magistratus
679 4607 793 4672 sedulo
817 4608 849 4668 in
870 4606 903 4668 id
925 4607 1123 4679 incumbere,
1141 4611 1177 4669 ut
1201 4623 1296 4669 omne
1316 4607 1498 4687 periculum
1522 4627 1543 4671 a
1562 4609 1659 4672 Paulo
1685 4626 1776 4671 arer-

453 4708 533 4768 tant.
558 4705 709 4769 Concedit
723 4705 792 4767 deri
807 4705 965 4786 potuisse,
982 4709 1018 4766 ut
1035 4704 1153 4767 Paulus
1167 4710 1296 4786 propter
1309 4705 1519 4786 Ephesiorum
1537 4707 1569 4768 in
1588 4707 1724 4770 Dianam
1743 4712 1777 4769 et

455 4804 545 4867 urbis
566 4803 703 4884 gloriam
728 4803 832 4865 zelum
854 4820 894 4865 ac
912 4802 1056 4869 studium
1080 4803 1335 4883 persecutionem
1358 4808 1506 4885 expertus
1532 4804 1587 4879 sit,
1604 4810 1640 4867 ut
1658 4821 1778 4868 noman
