4154 5452
1130 328 1359 424 sessos-12(
1838 347 1898 414 'nr

575 500 637 566 tivi
657 501 835 590 Κύρηναίων
855 511 904 572 καὶ
920 507 1148 590 Ἀλεξανδρέων
1169 500 1322 590 pendent
1342 524 1363 569 u
1383 524 1465 569 voce
1483 527 1580 587 τινες;
1603 504 1768 573 articulus
1782 505 1898 573 abesse

574 611 724 697 poterat,
750 607 801 674 uti
824 610 929 678 ctiam
951 607 1045 698 apud
1067 606 1230 695 profanos
1255 607 1426 674 omittitur
1447 609 1486 675 in
1512 610 1850 693 enumerationibus,
1871 611 1899 677 si

569 714 646 780 iam
663 713 768 780 semel
789 722 848 784 aut
874 716 927 784 his
952 712 1084 804 positus
1104 718 1154 780 est
1166 714 1316 805 (Beel.);
1339 720 1461 784 καὶτῶν
1481 717 1540 784 ἀπὸ
1561 719 1702 797 Κιλικίας
1720 723 1770 784 καὶ
1795 716 1898 796 Ἀσίας

572 819 630 886 hic
653 818 772 888 debuit
792 820 982 891 necessario
1002 819 1170 888 articulus
1191 821 1317 912 ponii.
1339 844 1370 888 e.
1386 825 1611 904 atterendae
1630 826 1694 889 etc.
1714 826 1822 901 Quare
1835 820 1898 888 du-

572 925 645 992 bito
667 927 816 1017 possitne
842 948 920 995 cum
941 923 1030 993 Felt.
1057 925 1172 994 dicere
1195 929 1364 1015 assignari
1387 949 1494 996 unam
1524 949 1739 1019 synagogam
1759 935 1792 995 et
1812 927 1899 994 duas

573 1032 753 1116 factiones,
778 1055 867 1124 quae
888 1030 960 1099 scil.
987 1031 1134 1101 articulo
1152 1044 1211 1104 τῶν
1230 1034 1458 1121 designentur
1470 1034 1563 1102 inter
1581 1054 1632 1115 se;
1650 1056 1720 1103 una
1733 1032 1804 1101 scil.
1822 1032 1895 1100 Lib.

572 1142 649 1228 Cyr.
667 1141 774 1223 Alex„
789 1137 899 1206 altera
912 1136 973 1206 cil.
991 1139 1108 1221 Asiae3
1125 1139 1240 1207 Asiam
1254 1138 1410 1227 intellige
1424 1142 1473 1207 uti
1488 1147 1559 1223 2,9.
1578 1147 1615 1209 ln
1630 1140 1790 1209 omuibus
1804 1139 1898 1206 hisce

454 1325 456 1329 ¹
571 1247 771 1335 regionibus
797 1243 925 1311 multos
952 1245 1158 1313 ludaeorum
1184 1245 1367 1313 incoluisse
1399 1251 1534 1314 certum
1558 1254 1624 1329 est3
1641 1248 1693 1315 cf.
1723 1246 1894 1337 Iosephus,

572 1352 685 1441 Autiq.
708 1357 840 1432 1t‚7‚a;
864 1355 1019 1435 1t,10‚1;
1041 1358 1175 1432 16,6,1;
1199 1357 1326 1436 19‚5,2.
1345 1351 1429 1418 Bell.
1446 1350 1518 1420 iud.
1541 1358 1676 1435 a,18‚r;
1694 1377 1723 1420 c.
1741 1359 1804 1442 Ap.
1824 1358 1894 1435 Qt.

572 1462 616 1524 De
635 1478 812 1545 synagoge
825 1456 1135 1525 Alexandrinorum
1150 1456 1187 1523 in
1204 1456 1289 1524 urbe
1305 1458 1411 1524 etiam
1426 1458 1520 1548 apud
1535 1457 1702 1525 rabbinos
1715 1458 1754 1525 tit
1769 1460 1896 1525 mentio

572 1561 778 1652 (Lipbtfoot,
795 1567 872 1636 Hor.
895 1563 993 1631 hebr.
1016 1562 1113 1631 adh.
1132 1562 1189 1653 1.).
1207 1568 1253 1631 Ex
1267 1563 1401 1631 ludaeis
1419 1565 1538 1654 itaque
1555 1564 1592 1631 in
1606 1564 1730 1631 alienis
1747 1564 1896 1652 regioni-

536 1759 539 1763 ,
570 1669 635 1737 bus
659 1669 748 1737 natis
770 1669 870 1738 multi
888 1669 1043 1757 religiosi
1064 1671 1177 1739 cultus
1197 1670 1359 1738 causa.in
1379 1670 1503 1740 urbem
1522 1670 1724 1759 migrabant
1747 1670 1788 1738 ad
1809 1671 1895 1739 festa

569 1777 780 1845 celebranda
799 1776 876 1859 alii,
894 1776 952 1844 alii
971 1775 1017 1843 ad
1035 1775 1190 1844 studium
1210 1775 1312 1863 legis,
1331 1778 1381 1844 uti
1402 1777 1525 1845 Saulus
1551 1801 1592 1845 ex
1611 1778 1746 1858 Cilicia,
1763 1776 1839 1857 alii,
1858 1785 1897 1844 ut

568 1883 617 1950 ibi
638 1883 849 1952 domicilium
873 1883 1022 1969 figerent
1047 1882 1102 1971 (ol.
1127 1886 1227 1950 blare.
1254 1883 1382 1971 1521).
1407 1888 1453 1951 111
1472 1883 1546 1951 istis
1569 1884 1677 1971 igitur
1703 1883 1895 1952 Hellenistis

568 1989 711 2079 quidam
730 1986 976 2079 praedicationi
995 1986 1208 2055 obsistebant
1226 1986 1438 2078 desperantes
1456 2011 1536 2056 cam
1554 1989 1743 2080 Stephano.
1770 1994 1894 2056 Verum

567 2096 604 2162 in
626 2117 665 2162 ea
689 2094 935 2184 disceptatione
959 2093 1042 2160 victi
1061 2092 1334 2162 succumbebant
1356 2117 1388 2162 v.
1415 2102 1456 2162 10
1480 2107 1513 2162 et
1534 2118 1605 2163 non
1622 2107 1788 2186 poterant
1812 2098 1894 2162 resi-

566 2213 652 2268 stere
672 2200 860 2291 sapientiae
879 2212 911 2267 et
929 2199 1083 2292 Spiritui
1100 2199 1164 2290 qui
1181 2200 1386 2289 loquebatur
1399 2196 1423 2290 ᾧ
1438 2207 1560 2287 ἐλάλει,
1582 2224 1651 2292 quo
1667 2201 1890 2292 loquebatur;

566 2308 607 2375 iis
629 2309 720 2374 enim
743 2306 904 2374 utebatur
926 2307 1142 2396 argumentis
1160 2328 1272 2397 eoque
1295 2329 1453 2375 sermone
1471 2308 1661 2398 sapientiae
1684 2315 1718 2376 et
1739 2309 1893 2376 ubertate

566 2414 740 2482 doctrinae
763 2435 868 2504 quam
888 2413 1030 2480 edoctus
1052 2436 1074 2480 a
1095 2412 1224 2504 Spiritu
1246 2420 1365 2482 sancto
1388 2413 1600 2504 exponebat,
1620 2419 1660 2482 ut
1678 2414 1813 2482 illinon
1829 2416 1893 2481 ha-

566 2521 689 2589 berent
712 2520 797 2611 quid
820 2525 1030 2610 reponerent
1061 2518 1115 2586 vel
1141 2519 1267 2610 quibus
1290 2520 1364 2587 eius
1388 2525 1593 2607 argumenta
1620 2526 1655 2588 et
1676 2520 1894 2611 probationes

498 2717 500 2721 ι
564 2627 799 2695 dissolverent.
824 2625 991 2716 lmpletur
1011 2626 1129 2716 itaque
1150 2626 1188 2692 in
1211 2627 1386 2715 Stephano
1412 2625 1502 2693 illud
1527 2626 1652 2694 Christi
1676 2650 1685 2696 :
1711 2649 1777 2715 ego
1800 2628 1890 2695 dabo

565 2734 662 2802 vobis
686 2756 723 2800 os
748 2739 782 2800 et
811 2732 1017 2822 sapientium
1042 2732 1098 2799 cui
1123 2752 1195 2798 non
1222 2737 1388 2821 poterunt
1411 2731 1569 2800 resistere
1598 2736 1633 2800 et
1656 2722 1891 2801 contradicere

563 2862 681 2908 omnes
695 2838 886 2907 adversarii
903 2840 1009 2905 vestri
1023 2836 1150 2928 (Beda,
1169 2842 1203 2905 et
1217 2837 1317 2907 addit
1332 2858 1340 2907 :
1356 2839 1504 2926 dignum
1518 2840 1610 2906 enim
1627 2841 1692 2906 fuit
1707 2841 1795 2907 utin
1815 2863 1890 2930 pro·

562 2953 748 3034 tomartyre
773 2944 1008 3025 confirmaret,
1049 2943 1143 3034 quod
1167 2945 1296 3012 cunctis
1324 2967 1389 3035 pro
1412 2967 1475 3013 suo
1508 2947 1651 3013 nomine
1682 2946 1817 3014 traditis
1839 2951 1887 3014 est

563 3053 762 3143 promittere
776 3049 968 3140 dignatus).
1090 3104 1094 3113 .

606 3162 710 3237 Quem
726 3156 918 3225 rationibus
929 3155 1066 3223 vincere
1081 3178 1153 3223 non
1165 3162 1342 3245 poterant,
1360 3155 1481 3225 fraude
1495 3163 1530 3225 et
1547 3157 1731 3225 calumniis
1746 3158 1890 3248 perdere

559 3266 697 3333 student
722 3262 862 3354 (Solm)
887 3285 921 3331 r.
949 3269 988 3331 11
1010 3276 1093 3329 temo
1113 3263 1357 3331 sacnnnr'sernnt
1373 3272 1521 3333 bettrico
1543 3264 1781 3332 subornarunt
1801 3266 1889 3331 ciros

560 3371 622 3462 qm'
642 3371 792 3438 dicerent
807 3391 843 3437 se
858 3368 1033 3437 arrdicisse
1047 3392 1126 3436 earn
1141 3368 1313 3437 dicentem
1328 3371 1430 3436 cerba
1447 3368 1680 3459 blasphemiae
1695 3370 1731 3437 in
1747 3374 1889 3459 Moysen

559 3491 591 3545 e!
619 3480 655 3545 in
676 3481 804 3560 Dorum·
829 3476 871 3544 ci.
896 3499 929 3543 v.
959 3481 1013 3543 13.
1037 3483 1091 3545 lt.
1117 3479 1266 3566 Operam
1290 3475 1475 3554 dederunt,
1509 3482 1546 3543 ut
1573 3478 1638 3544 hae
1658 3478 1889 3545 accusationes

559 3607 662 3675 quam
689 3583 835 3650 maxime
859 3586 893 3649 et
912 3581 1007 3672 apud
1025 3581 1167 3673 plebem
1185 3588 1220 3650 et
1239 3581 1333 3673 apud
1353 3581 1487 3650 nobiles
1508 3591 1775 3674 spargerentur;
1795 3585 1888 3651 unde

559 3715 592 3760 v.
627 3697 667 3758 11
697 3700 951 3757 cornrnooernnt
980 3687 1099 3778 itaque
1118 3687 1274 3778 plebem,
1304 3695 1498 3774 συνεκίνησαν
1527 3689 1628 3756 simul
1659 3691 1886 3771 concitarunt,

557 3798 705 3865 seniores
731 3808 764 3863 et
789 3795 937 3881 scribas,·
957 3802 1058 3861 erant
1084 3794 1194 3881 igitur
1218 3793 1424 3862 Hcllenistac
1444 3794 1496 3862 illi
1526 3794 1633 3884 (τινὲς)
1662 3796 1888 3863 aemulatores

559 3904 660 3992 legis,
688 3903 809 3971 ritibus
832 3908 867 3969 et
891 3900 1056 3969 institutis
1082 3901 1152 3968 suis
1176 3899 1421 3983 addictissimi,
1450 3902 1520 3968 imo
1542 3902 1624 3991 ipsis
1649 3901 1770 3969 incolis
1793 3902 1888 3968 urbis

557 4009 788 4078 ferventiores.
811 4007 907 4099 ¹Quod
932 4007 1020 4094 legis
1036 4006 1192 4074 studium
1210 4006 1282 4074 iam
1301 4029 1341 4073 eo
1361 4006 1583 4074 ostenderant
1598 4008 1690 4097 quod
1708 4030 1746 4074 ex
1761 4007 1887 4075 dissitis

557 4116 759 4205 regionibus
781 4115 817 4181 iu
839 4115 964 4183 urbem
989 4120 1145 4181 sanctam
1160 4100 1374 4201 migrarunt.
1403 4117 1589 4203 Postquam
1611 4114 1720 4202 igitur
1739 4114 1807 4181 illis
1829 4138 1887 4181 ru-

559 4224 712 4292 moribus
730 4219 824 4313 apud
851 4219 995 4288 ludaeos
1019 4219 1196 4309 Stephano
1217 4219 1410 4287 conflarunt
1437 4219 1623 4303 invidiam,
1651 4235 1888 4288 conetur-entes

558 4336 727 4411 ἐπιστάντες
754 4328 812 4417 (cl.
838 4333 913 4409 t,l;
941 4332 1038 4409 17‚5;
1065 4326 1182 4416 2337)
1207 4326 1298 4394 facto
1317 4348 1358 4393 cx
1379 4324 1569 4418 improviso
1590 4327 1627 4393 in
1653 4348 1733 4394 eum
1754 4328 1886 4416 impetu

559 4436 662 4527 (Beel.
684 4435 796 4525 Patr.)
818 4445 1010 4525 rapuerunt
1032 4453 1111 4500 erem
1135 4443 1168 4498 et
1191 4431 1414 4500 adduxerunt
1437 4432 1475 4500 in
1495 4432 1696 4519 concilium,
1723 4432 1761 4498 in
1787 4455 1887 4520 syne-

557 4543 688 4622 drium,
714 4542 811 4610 cuius
831 4548 906 4609 arat
931 4541 975 4607 de
998 4538 1168 4607 eiusmodi
1194 4539 1470 4607 accusationibus
1496 4542 1586 4607 serre
1609 4538 1789 4607 iudicium.
1816 4546 1885 4608 lam

557 4671 720 4737 magnam
749 4648 903 4738 synedrii
934 4652 1086 4738 partem,
1116 4645 1282 4728 seniores,
1311 4645 1458 4730 scribas,
1484 4646 1631 4715 sinistris
1660 4653 1781 4714 contra
1807 4669 1886 4714 cum

556 4756 778 4847 opinionibus
802 4755 961 4823 imbuere
987 4752 1205 4822 studuerant.
1235 4753 1338 4820 Plane
1361 4752 1535 4821 immerito
1561 4753 1668 4844 aliqui
1689 4753 1882 4823 subiectum
