4154 5452
329 2854 355 2903 p,-

328 2906 352 3069 ἲ
394 2915 398 2930 ,

328 3206 347 3255 i

328 3268 340 3319 i

329 3330 343 3379 a

328 3482 345 3577 i

443 362 447 369 .
540 396 544 403 ι
612 311 670 370 rm
1177 328 1245 372 scr.
1268 310 1367 384 eu-t.

654 457 817 535 Querelae
831 456 972 527 tandem
987 458 1033 527 ad
1047 460 1223 550 apostolos
1242 460 1486 527 deferebantur
1499 480 1530 523 v.
1548 464 1569 522 2
1584 468 1807 525 convocantes
1821 471 1937 526 autem

607 562 789 633 duodecim
814 564 1074 633 multitudinem
1098 564 1346 654 discipulorum
1375 563 1537 629 dicerunt
1566 584 1578 628 :
1604 586 1675 631 non
1706 576 1756 632 est
1786 585 1937 654 aequum

607 675 661 740 oia
686 675 809 762 ἀρεστόν
834 673 990 763 plaeere,
1010 670 1153 760 probari
1181 670 1299 759 nequit
1326 669 1462 758 (Beel.);
1488 670 1531 737 ci.
1557 676 1654 752 12,s;
1683 699 1701 734 o
1728 693 1799 738 non
1823 670 1936 761 placet

604 801 718 870 neque
735 778 874 868 placere
896 774 1008 867 potest
1033 803 1048 835 »
1076 774 1159 864 (Bt.)
1181 798 1243 841 nos
1258 775 1496 868 derelinquere
1519 779 1658 843 cerbeun
1681 777 1746 844 Dei
1769 765 1803 845 et
1829 776 1935 844 mini-

604 897 712 952 strare
725 883 859 951 'metuis
872 883 897 949 i.
915 904 945 949 e.
968 902 1031 947 nos
1050 880 1119 970 ipsi
1140 903 1212 948 non
1233 905 1411 972 possumus
1432 905 1574 952 munere
1589 881 1651 949 illo
1668 882 1939 974 dispensationis

604 991 721 1080 fungi3
745 1012 816 1056 non
837 988 993 1078 sequitur
1016 1008 1074 1053 eos
1098 1009 1249 1077 eousque
1273 990 1310 1056 in
1328 990 1583 1079 dispensatione
1604 989 1709 1058 fuisse
1731 996 1933 1080 occupatos,

603 1096 663 1165 sed
688 1118 728 1163 cx
747 1093 969 1185 responsione
988 1093 1054 1160 hac
1072 1086 1183 1161 elucet
1201 1095 1428 1175 contrarium3
1453 1123 1469 1156 «
1487 1097 1682 1185 putandum
1697 1116 1767 1163 non
1787 1101 1837 1163 est
1852 1118 1935 1186 apo-

603 1202 706 1270 stolos
731 1200 855 1268 mensis
876 1199 1087 1269 ministrasse
1110 1222 1221 1291 neque
1246 1206 1326 1267 tone
1350 1200 1393 1268 de
1416 1202 1482 1268 hoc
1503 1208 1620 1269 actum
1642 1224 1713 1270 esse
1732 1207 1771 1269 ut
1789 1201 1854 1293 ipsi
1869 1204 1935 1270 hoc

604 1329 729 1376 munus
750 1306 816 1374 sihi
840 1312 1031 1390 sumerent,
1052 1306 1114 1375 sed
1136 1306 1187 1374 ita
1207 1306 1313 1374 locuti
1335 1314 1415 1374 sunt
1437 1309 1525 1376 sicut
1548 1306 1646 1398 loqui
1668 1331 1742 1377 mos
1766 1315 1834 1390 est,
1855 1331 1933 1377 cum

602 1436 732 1502 negare
751 1413 911 1482 volumus
929 1420 1126 1480 nostrarum
1146 1435 1217 1480 esse
1236 1414 1387 1504 partium
1406 1421 1444 1483 ut
1462 1420 1555 1482 certa
1574 1413 1729 1503 quadam
1748 1413 1793 1481 de
1814 1436 1852 1482 re
1872 1438 1934 1483 cu-

603 1543 678 1589 ram
693 1521 883 1588 habeamus
899 1548 915 1581 »
935 1519 1044 1608 (Potr.
1062 1519 1224 1611 idemque
1239 1520 1307 1587 iam
1327 1521 1440 1588 innuit
1457 1519 1536 1589 Clu.
1555 1526 1589 1588 et
1603 1520 1763 1612 explicite
1778 1526 1933 1589 statuunt

602 1628 690 1696 Felt.
708 1627 797 1694 sets,
819 1623 956 1712 Weudt)
982 1647 1094 1714 neque
1120 1624 1233 1692 obstat
1257 1625 1363 1714 (quod
1388 1626 1547 1694 nonnulli
1569 1629 1706 1717 putant)
1737 1627 1832 1718 quod
1853 1650 1933 1718 pre-

602 1734 688 1825 tium
712 1731 923 1800 afferebatur
945 1730 990 1798 ad
1014 1729 1120 1821 pedes
1149 1731 1379 1821 apostolorum
1410 1722 1504 1820 (tati
1530 1732 1631 1823 seq).
1656 1734 1700 1801 lis
1730 1726 1934 1802 tradebatur

602 1838 767 1930 pecunia,
793 1837 855 1906 sed
876 1836 1145 1921 administratio,
1163 1840 1291 1928 emptio
1319 1860 1450 1921 rerum,
1471 1838 1682 1929 dispensatio
1704 1838 1750 1907 ab
1768 1839 1934 1929 apostolis

603 1944 883 2014 committebatur
914 1943 1001 2011 aliis.
1027 1944 1182 2023 Querelis
1213 1945 1343 2034 optimo
1374 1944 1476 2012 modo
1505 1945 1688 2014 medentur
1716 1967 1724 2014 ε
1753 1945 1934 2034 eliguntur

592 2042 646 2121 'ad
671 2072 856 2119 numerum
882 2051 1117 2118 ministrorum
1143 2051 1343 2139 augendum
1370 2051 1517 2119 ministri
1546 2075 1587 2120 ex
1614 2053 1823 2136 Hellenistis;
1852 2053 1931 2121 v.'3

601 2157 816 2227 considerate
830 2179 912 2247 erpo
927 2158 1021 2247 (quia
1032 2179 1096 2224 nos
1110 2157 1175 2246 ipsi
1190 2180 1252 2247 per
1269 2180 1331 2225 nos
1345 2157 1515 2226 defectum
1533 2158 1696 2249 supplere
1715 2158 1929 2248 nequimus),

602 2288 707 2333 nexus
729 2266 801 2331 tere
825 2263 1001 2331 indicatur
1014 2262 1106 2331 idem
1124 2264 1294 2353 particula
1315 2273 1371 2333 tt:
1396 2264 1612 2333 considerate
1626 2270 1744 2334 autem
1758 2264 1831 2333 scil.
1850 2266 1932 2360 quia

600 2370 701 2439 nohis
720 2392 791 2438 non
813 2369 977 2437 convenit
999 2369 1086 2436 iliud
1110 2369 1242 2452 subire,
1262 2372 1404 2459 fratres,
1427 2372 1518 2439 uiros
1542 2395 1584 2440 ee
1608 2371 1702 2439 vobis
1729 2370 1811 2438 boni
1836 2370 1932 2438 testi-

601 2477 712 2545 monii
728 2488 858 2566 septem
876 2475 937 2564 qui
956 2475 1050 2566 apud
1070 2497 1189 2541 omnes
1208 2477 1309 2564 probi
1330 2477 1510 2558 habentur,
1521 2475 1647 2568 plenos
1661 2477 1798 2567 Spiritu
1812 2488 1930 2545 saneto

600 2596 633 2653 et
646 2583 836 2676 snpientia,
855 2582 916 2672 qui
939 2582 1056 2672 itaque
1080 2582 1188 2669 signis
1208 2582 1371 2664 externis
1393 2606 1463 2651 uno
1479 2583 1630 2652 alterove
1651 2584 1858 2652 charismate
1872 2602 1941 2652 co-‘

599 2690 722 2779 gnossi
742 2694 883 2780 possunt
897 2689 1025 2755 habere
1041 2688 1133 2755 dona
1149 2688 1295 2777 Spiritus
1314 2690 1439 2765 sancti,
1458 2697 1492 2757 et
1511 2691 1572 2780 qui
1593 2692 1632 2758 in
1652 2690 1781 2780 agendi
1796 2692 1930 2759 ratione

599 2796 785 2888 prudentia
809 2794 958 2885 praediti
980 2816 1053 2863 esse
1076 2802 1276 2863 noscuntur.
1293 2795 1504 2884 Sapientiam
1525 2819 1597 2886 qua
1616 2797 1690 2887 scil.
1711 2797 1830 2865 omnia
1850 2805 1930 2888 apte

598 2903 641 2971 ad
665 2903 770 2971 finem
799 2901 1031 2992 disponuntur
1056 2903 1088 2966 in
1121 2902 1418 2969 administratione
1445 2908 1480 2970 et
1505 2903 1762 2994 dispensatione
1790 2925 1925 2985 rerum,

597 3008 841 3099 pecuniarum,
866 3030 952 3097 opus
975 3029 1046 3074 esse
1070 3008 1197 3098 liquet,
1223 3016 1256 3075 et
1284 3010 1488 3098 sapientiam
1514 3009 1647 3099 requiri
1675 3016 1818 3078 censent
1846 3011 1925 3078 Oec.

599 3118 626 3182 Τ
623 3114 743 3206 teoplr.
766 3114 811 3181 ob
830 3113 1105 3182 maledicentiam
1122 3115 1331 3204 (κακηγερίκν)
1348 3114 1549 3197 viduarum;
1569 3139 1611 3184 ea
1625 3115 1729 3184 debet
1748 3115 1866 3184 adesse
1884 3139 1928 3184 ne

598 3244 721 3313 parum
740 3222 910 3289 exercitati
930 3226 964 3287 et
983 3242 1100 3287 rerum
1120 3221 1272 3310 imperiti
1292 3244 1372 3311 opes
1392 3220 1558 3313 dissipent
1577 3222 1823 3290 ecclesiasticas
1837 3229 1872 3290 et
1890 3224 1927 3290 in

598 3350 655 3397 eos
669 3328 795 3418 quibus
812 3349 881 3395 non
897 3327 1067 3395 debentur
1082 3326 1161 3393 illas
1177 3329 1312 3394 valeant
1327 3327 1500 3395 collocare
1518 3328 1676 3418 (Solmt.

643 3437 824 3524 Sapienter
849 3455 989 3523 quoque
1013 3433 1205 3500 concedunt
1231 3435 1375 3522 apostoli
1400 3435 1603 3503 eiectionem
1630 3434 1808 3519 fidelihus,
1836 3463 1852 3497 a
1883 3458 1927 3504 ne

599 3540 800 3609 viderentur
816 3540 860 3607 ad
875 3539 1095 3630 quorundam
1111 3541 1258 3626 gratiam
1276 3561 1395 3627 agere,
1413 3541 1481 3608 iltis
1498 3541 1666 3610 iudicium
1686 3542 1924 3632 permittunt»

601 3646 727 3737 (Cir.);
749 3646 814 3713 sibi
839 3646 951 3714 solum
972 3653 1148 3713 reservant
1172 3667 1352 3713 numerum
1373 3646 1612 3733 eligendorum
1632 3654 1666 3714 et
1686 3650 1794 3738 ipsam
1810 3649 1927 3737 digni-

597 3755 676 3821 tatis
697 3752 792 3819 illins
812 3752 1032 3820 collationem
1054 3774 1138 3841 piros
1158 3752 1403 3819 constituamus
1420 3774 1522 3844 supter
1540 3754 1604 3821 hoc
1626 3775 1713 3844 opus
1735 3754 1796 3845 qui
1817 3756 1928 3844 igitur

597 3864 762 3951 potestate
776 3858 820 3925 ab
839 3858 1002 3949 apostolis
1021 3864 1162 3947 accepta
1178 3858 1230 3924 illi
1249 3858 1362 3926 officio
1378 3859 1637 3948 praeficiantur.
1654 3864 1845 3944 Quaerunt,
1864 3885 1927 3930 our

597 3972 727 4056 septem
752 3964 931 4052 eligendos
956 3986 1026 4032 esse
1046 3965 1261 4032 decreverint
1284 3966 1442 4055 apostoli.
1465 3969 1633 4052 Fortasse,
1654 3967 1739 4058 quia
1762 3989 1927 4036 numerus

598 4074 653 4140 hic
673 4072 752 4139 aliis
773 4071 912 4139 additus
933 4071 1135 4138 sufficiebat.
1156 4073 1315 4159 Cogitant
1338 4072 1395 4140 aiii
1418 4072 1461 4140 de
1482 4078 1613 4164 septem
1633 4066 1792 4165 partibus
1812 4075 1922 4157 urbis,

599 4178 642 4247 de
656 4185 787 4270 septem
799 4179 955 4246 coetibus
969 4177 1165 4245 domesticis
1181 4178 1238 4266 (ci.
1258 4177 1320 4244 Fet
1337 4180 1374 4267 .),
1392 4178 1436 4247 de
1448 4202 1546 4249 sacro
1558 4202 1703 4248 nurnero
1716 4181 1922 4271 septenario,

599 4285 642 4354 de
656 4291 788 4375 septem
803 4284 938 4372 angelis
958 4285 1019 4374 qui
1038 4290 1129 4351 stant
1150 4290 1227 4351 ante
1241 4290 1363 4366 Dcunr,
1381 4284 1424 4353 de
1437 4293 1567 4378 septem
1588 4286 1766 4377 spiritibus
1780 4293 1844 4354 etc.
1865 4285 1922 4376 (ci.

601 4391 710 4460 Saltu.
732 4393 816 4481 lup.
841 4391 980 4477 Cultu.);
1007 4413 1039 4457 V.
1066 4396 1084 4457 'a
1108 4414 1171 4458 rios
1196 4414 1270 4457 eero
1302 4391 1452 4459 orationi
1474 4407 1507 4461 et
1528 4392 1721 4461 utiuisterio
1745 4393 1840 4462 uerbi
1869 4393 1925 4460 iu·

601 4511 729 4566 stuutes
743 4496 885 4579 erimus,
903 4519 981 4566 cum
999 4496 1133 4566 dicatur
1146 4516 1182 4588 τῇ
1201 4517 1351 4589 :pessa-pt,
1372 4520 1448 4566 cum
1467 4500 1611 4568 articulo
1625 4501 1780 4569 etoratio
1798 4501 1924 4588 iunga-

600 4610 658 4671 tur
679 4603 928 4695 praedicatinni
952 4605 1139 4691 evangelii,
1161 4627 1225 4670 vox
1252 4605 1308 4673 hic
1329 4606 1496 4674 sumenda
1517 4605 1656 4674 videtur
1678 4605 1722 4675 dc
1746 4607 1842 4675 cultu
1860 4631 1924 4699 pu·

601 4711 692 4779 blico
724 4711 859 4796 divino,
887 4712 984 4779 cuius
1017 4733 1095 4802 pars
1136 4711 1319 4802 praecipua
1352 4719 1425 4781 erat
1457 4714 1684 4783 eucharistiae
1719 4713 1923 4783 sacrificium
