4128 5442
1075 359 1144 405 scr.
1170 343 1269 417 t,l·3.
1794 344 1832 403 23

501 496 573 562 iere
585 492 796 585 pleonastice
807 492 891 560 addi
903 491 1115 577 existimant,
1130 500 1169 562 ut
1182 515 1298 562 sensus
1310 495 1354 561 sit
1368 492 1459 560 idem
1477 493 1558 560 acsi
1572 493 1708 560 dicatur
1722 517 1730 563 :
1745 515 1834 584 quae

501 600 582 669 lecit
604 606 639 668 et
662 597 796 680 docuit;
824 628 842 664 «
869 606 920 669 est
938 598 1033 668 enim
1052 605 1197 688 ἄρξασθαι
1215 621 1295 667 oum
1314 598 1376 666 int.
1399 596 1622 688 scriptoribus
1636 600 1715 665 novi
1730 605 1832 667 testa·

502 708 608 775 menti
627 727 798 795 perquam
814 707 998 790 usitatum,
1017 728 1133 795 neque
1143 705 1182 773 in
1201 727 1242 773 eo
1256 725 1384 793 magna
1395 703 1448 771 vis
1462 705 1572 772 inesse
1586 703 1686 784 solet,
1709 725 1832 794 quam-

501 814 552 880 vis
562 812 772 903 plerumque
787 813 831 881 sit
850 810 1025 902 quaedam
1042 838 1059 873 »
1085 810 1184 899 (Bt.);
1202 810 1280 878 vide
1294 813 1372 878 Luc.
1390 817 1465 893 3‚8;
1484 817 1579 895 t‚21;
1597 817 1673 894 531
1686 816 1829 896 341a,t5;

503 924 604 1002 1335
627 923 714 1002 etc.;
738 918 923 1010 emphasin
948 915 1009 984 alii
1036 914 1301 1007 deprehendunt
1324 917 1402 985 viva
1424 916 1575 1007 quadam
1597 922 1832 1007 repraesenta·

500 1024 591 1092 tione
613 1047 749 1109 rerum,
772 1045 864 1114 quae
891 1045 932 1090 eo
956 1021 1096 1091 dicendi
1118 1022 1222 1091 modo
1243 1023 1279 1090 in
1303 1021 1428 1091 animis
1445 1021 1634 1112 legentium
1655 1022 1829 1090 excitetur.

501 1132 622 1223 Aptius
640 1131 798 1200 iudicare
814 1128 955 1197 videtur
968 1128 1061 1198 Beei.
1081 1128 1304 1198 :reddendas
1317 1151 1388 1198 esse
1400 1130 1521 1220 utique
1536 1151 1635 1198 voees
1646 1128 1725 1196 illas
1742 1151 1832 1219 quae

496 1237 601 1325 fecit,
622 1240 672 1305 ita
690 1242 809 1304 tamen
830 1242 867 1304 ut
889 1258 932 1304 ea
952 1236 1072 1327 phrasi
1090 1258 1161 1303 uua
1173 1235 1340 1304 innuatur
1352 1234 1487 1326 aliquid
1505 1235 1663 1303 continui
1677 1234 1780 1304 luisse
1794 1235 1832 1302 in

501 1350 578 1411 actu
594 1343 654 1433 qui
674 1342 722 1411 sio
741 1348 919 1413 narratur.
1840 1332 1843 1337 ‘

544 1448 772 1539 Quoadusque
791 1451 947 1517 narratio
966 1449 1004 1515 in
1023 1447 1206 1536 evangelio
1218 1447 1457 1538 perducta-sit,
1478 1447 1675 1516 enuntiatur
1689 1448 1727 1514 in
1740 1470 1774 1516 v.
1791 1453 1829 1530 23

500 1556 543 1624 cl.
570 1555 650 1623 Luc.
680 1561 797 1637 stou.
822 1560 883 1639 513
903 1575 1013 1644 rosque
1029 1553 1068 1621 in
1086 1552 1180 1622 diem
1200 1575 1271 1644 quo
1285 1552 1504 1645 praecipiens
1518 1559 1726 1638 ἐντειλάμενος
1741 1560 1832 1646 post-

499 1682 605 1752 quam
624 1661 697 1730 scil.
723 1660 890 1729 mandata
907 1660 1023 1744 dedit3
1045 1681 1218 1752 quaenam
1236 1659 1388 1743 dederit,
1410 1661 1489 1728 satis
1501 1659 1660 1728 innuitur
1674 1666 1751 1729 tue.
1773 1666 1829 1742 st,

498 1774 620 1849 tit-503
654 1768 699 1835 of.
737 1767 853 1835 llatth.
885 1760 1071 1849 massot
1103 1771 1202 1834 liare.
1233 1771 1351 1851 16,15;
1382 1788 1490 1857 quare
1518 1765 1606 1835 illud
1628 1764 1831 1857 praedicare

497 1873 728 1965 eoonqelium*
741 1879 878 1964 poterat
903 1870 1036 1954 omitti3
1065 1870 1230 1963 apostolis
1252 1893 1316 1963 per
1343 1872 1516 1964 Spiritum
1542 1882 1715 1957 sanctuni,
1746 1896 1831 1964 quos

497 1979 616 2070 elepit,
654 1990 852 2070 assumptus
886 1991 957 2065 est;
986 1978 1063 2070 ipsa
1097 1977 1283 2046 verborum
1324 1977 1549 2047 collocatione
1576 1978 1738 2048 suadetur
1763 2001 1831 2070 per

496 2085 667 2179 Spiritum
694 2092 853 2154 sanetum
884 2083 1009 2154 relerri
1038 2084 1085 2153 ad'
1110 2089 1336 2171 tristitiarum
1364 2090 1467 2176 atque
1492 2084 1663 2155 Christum
1689 2086 1831 2178 plenum

498 2193 627 2285 Spiritu
646 2196 788 2277 Sancto,
809 2192 847 2260 iu
866 2191 995 2260 virtute
1016 2190 1164 2283 Spiritus
1182 2193 1290 2261 sancti
1305 2213 1448 2261 munere
1461 2215 1523 2261 suo
1537 2193 1710 2274 functum,
1726 2197 1830 2261 Lucas

496 2298 633 2391 saepius
648 2298 765 2367 innuit
783 2300 819 2366 in
842 2299 961 2390 priore
985 2297 1076 2366 libro
1096 2303 1165 2382 t,1.
1190 2304 1243 2366 rt.
1265 2303 1323 2378 183
1345 2321 1386 2367 eo
1400 2297 1473 2367 soil.
1492 2299 1621 2390 Spiritu
1633 2304 1755 2368 unctus
1770 2301 1826 2390 (ls.

497 2406 590 2494 61,1)
613 2411 803 2496 praecepta
827 2426 970 2496 quoque
994 2403 1091 2473 dedit
1110 2403 1180 2472 suis
1200 2403 1362 2494 apostolis
1380 2409 1414 2473 et
1433 2403 1574 2496 quidem
1590 2405 1656 2488 itu,
1675 2413 1713 2473 ut
1725 2406 1828 2475 simul

389 2557 394 2565 ·
495 2535 552 2580 eos
574 2513 704 2602 Spiritu
723 2518 843 2580 sancto
870 2510 1008 2579 alssaret
1026 2532 1096 2601 quo
1112 2509 1252 2599 iurante
1270 2509 1324 2578 illi
1341 2518 1523 2603 praecepta
1541 2512 1776 2601 intelligerent
1795 2522 1830 2582 et

496 2623 766 2708 exsequerentur
786 2618 928 2707 (ΡΜ),
946 2616 999 2685 uti
1013 2623 1117 2686 antea
1130 2616 1264 2685 dixerat
1281 2637 1289 2687 :
1306 2616 1454 2717 Spiritus
1465 2624 1603 2688 sanctus
1615 2619 1754 2688 docebit
1769 2644 1828 2688 vos

497 2724 589 2814 (Luc.
620 2723 751 2815 1212).
787 2727 834 2791 Eo
863 2723 969 2792 modo
1002 2723 1161 2815 plerique
1188 2722 1405 2812 coniungunt
1433 2725 1489 2816 (cl.
1518 2724 1597 2795 cto.
1626 2728 1702 2795 Oec.
1732 2730 1825 2796 Patr.

496 2829 585 2898 Beel.
611 2829 700 2897 Bois.
729 2828 845 2916 Helue,
872 2829 998 2921 Felt.);
1027 2828 1089 2898 alii
1118 2829 1319 2899 electionem
1340 2831 1586 2922 perspiritum
1610 2834 1737 2901 iactam
1757 2856 1828 2903 csse

494 2936 680 3027 explicant,
704 2958 809 3027 quem
829 2958 967 3005 sensum
981 2935 1058 3027 ipsa'
1073 2934 1297 3005 collocatione
1311 2937 1496 3006 verborum
1511 2939 1571 3007 ulii
1586 2939 1758 3027 indicant,
1776 2942 1827 3010 uti

494 3043 664 3111 versiones
689 3065 759 3132 syr.
787 3043 881 3111 aeth.
908 3044 1012 3134 (quos
1038 3041 1146 3132 elegit
1166 3065 1230 3134 por
1253 3044 1311 3135 Sp.
1335 3042 1386 3134 S.)
1409 3042 1493 3113 item
1519 3046 1599 3136 Cyr.
1627 3050 1716 3138 Arrp.
1749 3048 1824 3139 l'iq.

497 3149 579 3240 (quo
599 3148 775 3241 apostolos
793 3147 901 3237 elegit
919 3170 984 3240 per
1006 3153 1063 3240 Sp.
1086 3148 1148 3237 s.);
1170 3155 1364 3241 sequuntur
1381 3151 1587 3220 recentiores
1606 3175 1743 3245 quoque
1764 3156 1822 3243 (cf.

501 3254 651 3346 tt'eudt).
669 3261 712 3322 at
727 3277 790 3323 our
804 3253 962 3324 hocloco
975 3256 1105 3323 mentio
1118 3254 1179 3323 liat
1192 3256 1362 3347 apostolos
1376 3255 1461 3325 olim
1475 3258 1599 3327 electos
1611 3282 1680 3327 esse
1696 3260 1824 3351 Spiritu

492 3383 518 3429 s.
542 3360 733 3450 dirigente,
763 3383 835 3428 non
857 3365 1023 3453 apparet;
1050 3383 1121 3428 non
1142 3382 1215 3428 rem
1235 3361 1318 3430 olim
1339 3369 1491 3452 gestam,
1518 3365 1577 3434 sed
1597 3387 1673 3433 eam
1693 3365 1735 3433 de
1755 3390 1824 3458 qua

492 3489 584 3536 nuuc
598 3473 736 3552 narrat,
752 3466 823 3536 suis
835 3468 935 3559 quasi
949 3466 1209 3537 conditionibus
1229 3467 1353 3537 vestire
1368 3469 1456 3538 velle
1473 3471 1620 3563 scriptor
1632 3474 1822 3542 censendus

493 3580 555 3641 est.

537 3680 621 3748 lluic
635 3703 676 3748 ex
692 3680 810 3771 priore
826 3679 919 3749 libro
934 3679 1132 3771 repetitioni
1145 3679 1280 3771 aliquid
1293 3681 1390 3751 addit
1404 3705 1437 3754 v.
1450 3690 1471 3751 3
1482 3683 1606 3774 quibus
1618 3688 1819 3776 etprorbuit

491 3787 641 3877 seipsum
662 3785 782 3854 rivum
802 3798 883 3877 post
901 3787 1101 3879 passionem
1115 3808 1215 3856 suom
1232 3785 1270 3856 in
1288 3788 1405 3856 inultis
1419 3792 1649 3881 arqumeutr‘s,
1666 3813 1728 3883 per
1746 3792 1819 3859 clim·

491 3892 730 3984 paredropiuta
748 3914 921 3985 apparens
946 3893 996 3961 cis
1013 3905 1047 3961 et
1067 3893 1211 3987 loqrtens
1233 3893 1276 3962 de
1295 3917 1403 3985 reqno
1421 3895 1485 3964 Dei
1488 3916 1505 3983 ;
1523 3909 1694 3988 τεκμηρίοις
1713 3901 1821 3968 docu-

492 3998 616 4067 mentis
629 3998 852 4084 indubitatis,
869 3999 983 4090 iisque
1002 3998 1143 4085 mettim
1160 4000 1252 4070 unde
1266 4000 1334 4069 iam
1353 4001 1483 4072 indicat
1498 4004 1698 4095 paucissima
1711 4007 1819 4074 solum

490 4104 527 4171 in
540 4104 724 4194 evangelio
739 4104 876 4175 referri.
897 4105 988 4174 lllud
1005 4128 1070 4198 per
1088 4113 1131 4177 to
1151 4105 1226 4175 dies
1245 4109 1291 4177 aa
1306 4107 1397 4176 inter
1413 4108 1560 4202 explicat
1576 4109 1652 4180 cto.
1675 4133 1689 4181 .·
1707 4135 1820 4203 neque

491 4213 583 4279 onim
596 4234 737 4302 semper
750 4233 831 4280 cum
850 4212 1021 4304 illiserat,
1041 4217 1078 4281 ut
1089 4218 1170 4282 ante
1185 4215 1487 4300 resurrectionem
1503 4215 1709 4287 adveniebat
1726 4219 1819 4287 enim

490 4323 524 4385 et
543 4318 705 4386 avolabat
723 4341 875 4387 rursum.
898 4323 937 4386 lu
950 4317 1014 4387 illo
1030 4319 1147 4411 itaque
1158 4319 1342 4389 intervallo
1358 4325 1400 4389 to
1415 4320 1547 4391 dierum
1561 4326 1696 4415 saepius
1714 4347 1749 4392 se
1769 4327 1819 4392 cis

490 4425 653 4508 ostendit,
682 4425 865 4517 apparuit,
891 4447 1020 4517 eosque
1042 4425 1085 4494 de
1104 4447 1214 4515 regno
1244 4426 1318 4509 llei,
1347 4426 1476 4497 desua
1501 4430 1648 4499 Ecclesia
1670 4430 1817 4500 edocuit.

491 4534 581 4608 Quae
604 4530 778 4617 docuerit,
801 4553 871 4600 non
890 4532 1053 4602 retertur.
1068 4538 1111 4603 At
1126 4531 1236 4602 multa
1252 4554 1331 4602 eum
1349 4533 1503 4603 docuisse
1521 4538 1599 4628 quis
1613 4559 1741 4627 negare
1755 4562 1819 4630 po·

489 4637 588 4704 terit?
611 4640 726 4707 llerito
751 4638 940 4708 assumitur
964 4637 1130 4732 apostolis
1158 4637 1285 4709 tradita
1311 4662 1382 4709 esse
1407 4663 1496 4733 quae
1522 4641 1567 4711 ad
1592 4643 1697 4712 huius
1718 4645 1819 4734 regni

490 4744 788 4831 constitutionem,
820 4745 998 4835 regimen,
1026 4745 1376 4831 administrationem,
1406 4749 1707 4841 propagationem,
1740 4775 1803 4843 per
