4010 5474
848 470 857 491 ι
985 446 1056 492 nc'r.
1081 431 1240 501 lint-27.
1709 435 1768 494 305

444 585 657 676 supplicent,
677 581 983 652 Ambraciensibus
1004 603 1075 649 non
1096 603 1271 670 superesse
1299 580 1384 668 (vide
1409 582 1493 648 haee
1519 580 1655 670 aliaque
1677 582 1768 651 eins-

445 689 523 759 dem
541 694 590 760 rei
612 689 810 759 testimonia
823 687 858 754 in
877 708 955 755 meo
968 690 1158 756 comment.
1176 692 1215 754 ls.
1233 691 1259 753 ll
1273 710 1306 777 p.
1331 688 1418 775 ret).
1437 692 1507 755 Una
1522 686 1587 754 hac
1601 707 1701 768 voco,
1720 689 1769 755 ait

447 798 544 880 cte,
563 795 681 864 omnia
702 793 997 885 philosophorum
1021 794 1186 883 dogmata
1208 793 1266 883 (de
1289 795 1422 882 origine
1447 792 1569 862 mundi
1582 813 1768 880 rerumque

444 902 614 989 omnium)
627 899 818 984 subvertrt3
839 923 929 991 opus
942 901 999 968 Dei
1015 922 1089 967 esse
1100 900 1254 967 declarat
1272 899 1438 967 mnndum
1450 905 1618 968 etenncta
1633 898 1770 987 quaein

445 1029 485 1075 eo
498 1012 596 1090 sunt;
613 1005 692 1074 vide
708 1006 915 1074 brevitatem
935 1012 971 1073 et
987 1005 1023 1072 in
1041 1004 1208 1073 brevitate
1222 1004 1424 1073 claritatem.

490 1113 573 1181 Dein
592 1114 664 1182 dno
688 1112 882 1180 divinitatis
903 1109 1035 1177 indicia
1055 1111 1209 1195 exbibet,
1227 1112 1319 1201 quod
1337 1110 1433 1178 nullo
1451 1109 1605 1197 indigeat
1618 1113 1653 1176 et
1675 1108 1770 1200 qnod
1815 1087 1817 1092 ’
1925 1147 1933 1157 ,

446 1219 608 1289 omnibus
625 1220 744 1286 omnia
759 1215 926 1307 praebeat
948 1215 1061 1307 (etr.)
1079 1240 1113 1285 v.
1137 1223 1180 1285 25
1197 1239 1258 1284 nec
1280 1217 1435 1284 matribus
1454 1215 1615 1284 humanis
1633 1216 1768 1297 colitur,

447 1336 643 1416 θεραπεύεται
661 1345 734 1391 non
752 1322 890 1410 indiget
908 1321 1101 1390 ministerio
1124 1322 1292 1406 hnmano,
1313 1329 1352 1390 ut
1369 1321 1540 1412 quaedam
1557 1321 1590 1389 ei
1609 1321 1772 1412 suppedi-

414 1453 422 1475 ¹
447 1438 579 1510 tentum
599 1452 672 1498 non
693 1427 831 1517 indiget
858 1428 1052 1511 sacrificiis,
1075 1429 1174 1519 quasi
1192 1428 1349 1520 indigens
1365 1428 1497 1519 aliquo,
1518 1450 1595 1496 eum
1619 1429 1692 1518 ipse
1715 1426 1771 1495 det

448 1537 607 1605 omnibus
623 1536 734 1604 vitam
758 1548 791 1604 et
819 1534 1083 1626 inspirationem
1112 1544 1224 1620 πνοὴν,
1247 1535 1409 1617 halitum,
1428 1534 1588 1626 spiritum
1615 1533 1768 1617 vitalem,

448 1665 517 1733 qno
543 1644 616 1711 scil.
649 1643 719 1710 vita
744 1641 849 1710 semel
874 1641 957 1710 data
980 1646 1220 1722 conservatum
1247 1640 1343 1732 proin
1367 1641 1457 1709 vitae
1475 1640 1772 1709 conservationem

446 1750 596 1838 largitur
613 1747 790 1829 continno,
807 1747 911 1816 sicuti
929 1748 1095 1816 continuo
1108 1746 1248 1837 spiritns
1268 1748 1326 1815 ille
1351 1747 1462 1814 vitalis
1480 1746 1631 1815 trahitur
1649 1753 1684 1815 et
1702 1768 1770 1814 nno

448 1854 554 1924 verbo
568 1853 693 1921 tribuit
704 1852 807 1921 nobis
823 1865 857 1921 et
867 1853 1007 1937 omnim·
1023 1854 1200 1922 notionem
1215 1853 1397 1921 sublimem
1412 1853 1471 1921 Dei
1485 1852 1591 1921 tradit
1606 1875 1615 1921 :
1632 1857 1685 1921 e'st
1698 1873 1772 1920 om·

447 1962 546 2029 nium
559 1961 711 2040 effector,
733 1959 897 2027 dominus
921 1960 1096 2042 omnium,
1111 1959 1272 2028 omnibns
1289 1960 1437 2049 largiens
1458 1964 1581 2030 cuncta
1603 1981 1692 2051 quae
1711 1959 1774 2027 ba·

447 2068 546 2152 beet,
565 2071 678 2135 totum
692 2065 786 2157 quod
803 2071 895 2134 sunt.
914 2070 1022 2133 llomo
1032 2065 1147 2154 igitur
1165 2071 1266 2135 abeo
1282 2067 1449 2153 originem
1470 2074 1503 2134 et
1521 2067 1626 2134 vitam
1646 2064 1768 2147 habet;

448 2195 567 2241 verum
583 2174 632 2240 ita
647 2179 686 2239 nt
699 2193 819 2240 omnes
837 2172 997 2241 homines
1015 2194 1120 2240 unam
1135 2186 1300 2260 magnam
1323 2171 1487 2240 familiam
1506 2170 1713 2240 constituant
1731 2191 1772 2237 ex

448 2301 517 2347 nno
532 2283 674 2369 parente
696 2285 808 2347 ortam
829 2301 870 2347 ac
888 2279 992 2374 proin
1012 2286 1108 2347 arcta
1125 2281 1324 2347 necessitate
1338 2284 1372 2346 et
1387 2277 1591 2366 cognatione
1610 2277 1772 2346 coniunc-

447 2390 518 2454 tam
540 2408 572 2452 v.
597 2392 641 2453 26
659 2384 810 2474 fecitque
837 2407 881 2452 en
904 2407 974 2452 uno
996 2407 1095 2453 enarre
1119 2408 1228 2476 qenins
1248 2384 1427 2453 leontinum
1452 2383 1646 2452 inhabitare
1670 2405 1772 2472 super

448 2492 645 2559 renioereum
665 2491 796 2580 sociem
816 2502 948 2575 terrae;
969 2491 1109 2579 mythos
1133 2491 1240 2580 igitur
1257 2492 1334 2560 illos
1357 2491 1533 2573 convellit,
1554 2489 1682 2581 quibus
1702 2488 1771 2557 alia

447 2598 545 2687 origo
560 2597 639 2665 aliis
652 2596 855 2665 nationibus
870 2595 1091 2679 attribuitnr3
1109 2599 1209 2687 proin
1223 2597 1309 2665 aliae
1322 2606 1440 2685 gentes
1448 2618 1515 2664 non
1528 2601 1608 2665 sunt
1620 2600 1771 2664 contom-

446 2703 598 2785 nendae,
619 2724 689 2769 non
707 2708 825 2792 utpote
837 2701 1012 2770 barbarae
1022 2706 1057 2769 et
1068 2702 1129 2769 vili
1143 2701 1277 2791 origine
1293 2711 1387 2770 ortae
1402 2701 1632 2785 abiiciendae;
1648 2700 1771 2769 eadem

448 2815 497 2878 est
517 2809 553 2876 in
576 2808 740 2877 omnibns
759 2829 800 2875 ac
820 2808 968 2898 singulis
990 2808 1141 2897 dignitas
1161 2808 1326 2876 hnmana.
1344 2812 1452 2877 Genus
1477 2808 1667 2877 humanum
1684 2813 1772 2876 [tene

446 2937 509 2983 sna
522 2914 743 3007 providentia
761 2936 885 3002 regere
904 2915 1007 3006 eique
1019 2915 1202 3006 providere
1219 2937 1289 2982 non
1301 2914 1449 2983 desistit:
1466 2912 1771 3005 definiensetatuta

448 3032 656 3112 temporeo!
688 3021 854 3088 ternanos
874 3020 1104 3089 habitationis
1133 3043 1268 3107 eorum,
1292 3021 1375 3088 dum
1398 3020 1471 3089 scil.
1500 3027 1602 3111 prout
1625 3019 1772 3108 singulis

447 3124 664 3210 hominibus,
680 3125 731 3194 ita
757 3126 897 3218 populis
911 3148 1053 3217 quoque
1071 3148 1170 3195 sunm
1186 3127 1310 3218 cuique
1324 3133 1457 3218 tempus
1469 3125 1608 3217 imperii
1624 3131 1659 3195 et
1671 3125 1771 3217 quasi

449 3234 537 3300 vitae
552 3233 763 3320 assignaret,
781 3232 894 3323 iisque
911 3237 1023 3301 certos
1041 3233 1209 3324 quosdam
1230 3234 1391 3301 terminos
1411 3232 1634 3302 habitationis
1645 3231 1770 3324 praell-
1789 3238 1793 3243 '

447 3345 556 3427 geret.
574 3342 623 3405 lta
645 3345 772 3406 cuncta
797 3339 835 3406 in
854 3338 1069 3431 populorum
1087 3339 1230 3407 historia
1253 3345 1319 3407 beo
1337 3339 1472 3407 subesse
1487 3344 1520 3407 et
1538 3338 1583 3407 ab
1605 3359 1645 3407 eo
1663 3338 1770 3427 dirigi

447 3444 559 3513 docet.
575 3446 627 3512 Uti
647 3444 772 3534 cuique
786 3445 883 3533 genti
897 3449 1030 3513 certum
1050 3445 1225 3536 quoddam
1242 3454 1375 3537 tempus
1391 3446 1605 3537 praeligitur,
1621 3444 1671 3513 ita
1688 3466 1772 3512 eon·

310 3570 314 3575 ·
448 3551 595 3619 ditiones
605 3572 744 3640 quoque
757 3549 927 3638 regionis,
945 3551 1053 3631 aeria,
1070 3549 1184 3633 brevi,
1204 3558 1325 3620 cuneta
1344 3551 1469 3642 quibus
1480 3551 1616 3620 termini
1636 3550 1772 3619 habita-

449 3656 552 3724 tionis
576 3656 836 3725 constituuntur
867 3663 903 3724 et
930 3657 977 3724 ab
1006 3656 1084 3725 aliis
1118 3657 1388 3746 distinguuntur,
1410 3657 1553 3747 singulis
1579 3657 1625 3725 ab
1650 3679 1771 3726 eorum
1808 3742 1816 3754 ·

448 3770 604 3832 creatore
616 3785 657 3830 ac
676 3763 911 3851 gubernatore
926 3763 1165 3832 attribuuntur
1179 3763 1238 3851 (cl.
1256 3771 1367 3845 aare.
1388 3765 1447 3833 lob
1463 3764 1590 3854 1233).
1607 3768 1696 3832 Sunt
1713 3763 1773 3854 qni

447 3879 579 3937 statuta
599 3881 757 3959 terrepora
775 3869 952 3960 explicent
971 3870 1161 3939 seeundum
1183 3875 1283 3952 tenu
1298 3892 1306 3938 :
1319 3870 1405 3937 dans
1420 3876 1574 3961 tempora
1588 3870 1770 3958 frugifera,

448 3975 536 4043 dana
560 3996 631 4055 ver,
653 3980 823 4055 aetatem,
842 3975 994 4045 hiemem
1015 3975 1192 4066 (ll⁷end!);
1212 3998 1334 4044 verum
1362 3977 1398 4044 id
1423 3977 1492 4043 iam
1515 3975 1713 4044 continetur
1736 3974 1773 4044 in

448 4103 481 4147 v.
499 4086 559 4164 253
577 4080 644 4148 hoc
662 4081 740 4149 loeo
759 4080 940 4172 apostolus
954 4082 1067 4150 mains
1083 4081 1168 4173 quid
1185 4082 1314 4151 indicat
1328 4090 1361 4150 et
1374 4082 1496 4171 generi
1508 4082 1661 4152 hnmano
1674 4082 1775 4150 sicuti

449 4192 541 4255 certa
554 4191 734 4278 tempora,
751 4186 800 4255 ita
812 4208 954 4278 quoque
966 4194 1080 4256 certos
1093 4190 1259 4258 terminos
1272 4189 1319 4257 ait
1331 4188 1496 4278 assignari
1508 4188 1568 4281 qni
1585 4187 1773 4271 montibus,
1788 4206 1791 4217 ·

449 4292 669 4375 fluminibus,
703 4292 861 4361 maribus
898 4293 1047 4384 aliisque
1080 4295 1337 4363 conditionibus
1371 4295 1570 4375 tortilibus,
1599 4293 1774 4363 variorum

448 4398 682 4467 subsidiorum
697 4399 792 4469 inter
812 4421 850 4467 se
870 4399 1037 4468 differant
1056 4405 1091 4468 et
1104 4400 1367 4470 constituantur.

493 4510 581 4572 llaec
596 4511 713 4574 autem
727 4507 785 4575 bei
802 4505 1026 4598 providentia
1045 4513 1079 4575 et
1099 4529 1182 4574 cura
1207 4506 1243 4575 in
1263 4507 1301 4574 id
1328 4508 1436 4576 tendit
1448 4511 1485 4574 nt
1505 4505 1662 4575 hominen
1680 4507 1776 4574 hune

366 4633 368 4640 ·
450 4630 566 4677 rerum
578 4611 737 4680 omnium
752 4613 949 4682 effectorem
969 4635 1011 4681 ae
1025 4612 1295 4702 gubernatorem
1313 4636 1353 4682 ex
1373 4613 1479 4704 ipsine
1495 4609 1673 4681 effectibus
1687 4612 1776 4681 adeo

450 4716 644 4808 conspicuis
667 4728 860 4807 agnoscant
885 4742 926 4788 ac
951 4725 1161 4788 venerentur
1186 4743 1219 4790 v.
1248 4728 1289 4790 27
1312 4744 1473 4813 quaerere
1495 4723 1619 4807 Deum,
1643 4718 1717 4788 scil.
1739 4729 1778 4789 nt

448 4830 656 4914 quaererent
686 4830 812 4910 bourn,
834 4826 1032 4895 infinitivus
1055 4827 1148 4895 solus
1166 4850 1268 4920 saepe
1298 4828 1346 4897 ita
1364 4829 1503 4920 ponitur
1524 4832 1564 4896 ut
1582 4825 1678 4918 qnod
1700 4826 1778 4917 quis

829 4954 1027 4993 antummum.
1043 4968 1076 4980 -
1090 4954 1118 4993 ιιι
1134 4954 1215 4993 actus
1230 4955 1314 4993 eroon.
1330 4968 1363 4980 -
1378 4947 1408 4992 ²⁰
