4128 5442
250 285 291 346 11
495 371 503 386 ,
722 298 761 344 ns
782 299 913 346 narrare
933 299 1095 346 reuectus.

250 460 276 486 ι
294 436 422 500 Verum
444 431 476 502 si
498 453 539 499 ea
561 429 797 523 expenduntur
815 453 904 522 quae
925 430 1087 522 Iosephus
1104 434 1242 509 narrat,
1260 429 1331 497 alia
1343 429 1578 519 ,computandi

129 540 132 545 ’
250 540 340 608 ratio
360 540 519 608 exoritur.
543 536 639 627 Apud
661 536 839 626 Iosephum
855 536 946 603 nihil
964 535 1112 605 habetur
1130 537 1173 605 de
1187 535 1250 603 illa
1267 535 1469 626 provinciae
1486 534 1577 602 divi-

102 666 109 677 ·
250 645 347 716 sione
368 647 461 714 inter
481 647 672 712 Cumanum
690 646 725 708 ct
744 640 902 725 Felicem,
923 640 967 708 de
985 663 1054 731 qua
1070 643 1206 709 Tacitus
1220 640 1355 709 scribit.
1378 640 1578 709 Secundum

250 753 433 845 losepbum
445 752 685 841 procuratores
696 746 745 814 ita
756 745 849 815 inter
860 746 1104 837 seexcipIunt:
1121 752 1258 814 mortuo
1270 748 1428 838 Agrippa
1441 747 1578 837 l.(anno
1710 794 1715 801 -

52 872 80 957 J
209 922 214 927 .
253 862 309 951 tt)
330 857 473 949 Cuspius
492 851 617 935 Fadus,
647 854 726 922 dein
745 852 899 924 'liberius
914 852 1330 939 Alexander-Cumanum
1351 859 1477 922 narrat
1490 859 1579 924 Iose-

248 966 357 1058 phus,
384 960 557 1054 quomodo
576 962 745 1028 Cumanus
765 960 979 1041 a·Quadrato
992 962 1103 1031 iussus
1125 960 1223 1029 sitin
1241 958 1379 1028 ltaliam
1398 958 1577 1041 discedere

36 1056 48 1067 ‘¹
117 1110 121 1115 ·
250 1070 295 1141 ad
308 1073 553 1160 Imperatorem
567 1071 601 1135 et
614 1070 783 1136 Cumanus
796 1068 839 1136 sit
851 1069 890 1135 in
902 1068 1059 1136 exsilium
1074 1074 1186 1150 actus;
1203 1065 1286 1134 dein
1296 1064 1418 1135 scribit
1430 1066 1577 1134 Felicem

248 1176 391 1244 missum
414 1194 485 1242 esse
508 1172 690 1243 aclaudio
713 1179 752 1242 ut
775 1175 877 1242 rebus
899 1175 938 1242 in
953 1173 1082 1267 Iudaea
1104 1178 1294 1263 praeesset,
1314 1178 1350 1240 et
1373 1159 1577 1241 immediate

250 1279 412 1369 adiungit
430 1278 697 1371 quaeclaudius
711 1301 804 1348 anno
817 1278 1019 1348 duodecimo
1031 1278 1174 1370 imperii
1185 1277 1241 1347 sui
1251 1268 1434 1369 'completo
1448 1277 1576 1370 Agrip7
1666 1326 1678 1340 .

250 1410 316 1481 pae
335 1387 515 1456 donaverit
529 1384 653 1476 (Antiq.
671 1391 798 1471 19,s,a.
815 1391 951 1469 20‚5‚a;
971 1392 1102 1468 20,6,3.
1120 1386 1206 1476 ’1,1).
1224 1385 1320 1453 Unde
1332 1385 1499 1476 Iosephus
1513 1384 1576 1452 ad·

159 1484 163 1491 ’
248 1500 393 1564 ventum
407 1492 528 1561 Felicis
542 1490 774 1583 procuratoris
787 1486 833 1560 ad
845 1495 974 1561 annum
986 1499 1029 1561 52
1040 1492 1163 1560 referri
1177 1490 1327 1560 videtur.
1341 1491 1455 1559 Etiam
1465 1490 1576 1571 altero

249 1602 326 1671 loco
350 1588 548 1691 (3515156.
574 1596 705 1688 alas)
726 1597 845 1666 scribit
866 1598 1008 1667 Cumani
1025 1597 1145 1667 exsilio
1168 1603 1440 1667 commemorato
1461 1616 1472 1669 :
1500 1600 1576 1682 μετὰ

246 1695 341 1777 cetra
375 1705 522 1784 Ἰουδαίας
551 1714 604 1789 μὲν
630 1711 786 1793 ἐπίτροπον
814 1706 936 1788 Φήλικα
963 1713 1110 1791 ἐκπέμπει
1136 1709 1171 1772 et
1194 1702 1325 1771 iterum
1352 1702 1576 1772 donationem

244 1810 423 1903 Agrippae
446 1814 580 1892 narrat,
604 1810 659 1877 cui
680 1808 859 1897 subiungit
878 1832 887 1879 ε
917 1838 935 1875 a
956 1812 1029 1902 ipse
1048 1816 1164 1880 autam
1183 1806 1348 1878 Claudius
1363 1830 1446 1878 enm
1464 1831 1577 1878 annos
1598 1812 1601 1817 ’
1659 1878 1662 1886 Δ

247 1918 415 1988 tredecim
437 1912 623 2008 imperium
640 1915 912 1986 administrasset
926 1923 960 1986 et
975 1938 1107 1986 menses
1126 1921 1205 1985 octo
1219 1922 1256 1984 et
1268 1916 1343 1984 dies
1361 1906 1490 2011 viginti
1505 1915 1577 1999 vita

249 2023 394 2094 decessit
414 2050 446 2092 s.
467 2021 560 2092 Unde
577 2022 702 2090 iterum
721 2022 811 2091 clare
825 2022 975 2091 affirmat
987 2028 1022 2092 et
1039 2023 1186 2092 Felicem
1197 2034 1277 2114 post
1292 2026 1486 2091 cumanum
1500 2017 1589 2119 esse

248 2129 391 2200 missum
408 2135 443 2199 et
458 2129 497 2197 id
514 2128 558 2197 ad
573 2127 710 2197 ultimos
724 2128 855 2198 Claudii
872 2151 983 2199 annos
999 2130 1191 2221 pertinere,
1206 2128 1258 2198 ita
1270 2133 1311 2196 ut
1321 2128 1439 2197 missio
1455 2127 1577 2197 Felicis

249 2237 354 2305 etiam
372 2236 463 2304 forte
481 2235 525 2303 ad
547 2256 675 2304 annum
696 2240 737 2303 53
758 2237 867 2326 possit
883 2235 989 2306 reiici.
1010 2241 1081 2306 Iam
1100 2226 1183 2304 'vero
1194 2234 1342 2327 planum
1355 2242 1424 2319 est,
1438 2236 1467 2303 si
1480 2234 1574 2304 Felix

248 2365 341 2412 anno
365 2348 410 2411 52
428 2347 630 2433 procurator
649 2341 768 2409 missus
785 2347 852 2424 est,
874 2341 950 2410 lieri
975 2364 1047 2411 non
1067 2354 1182 2435 posse,
1207 2347 1247 2411 ut
1272 2343 1399 2411 Paulus
1415 2346 1573 2411 555556

250 2450 293 2519 ad
318 2471 400 2518 enm
419 2447 567 2540 loquens
592 2445 683 2515 dicat
703 2469 712 2516 z
731 2470 771 2516 ex
792 2446 909 2517 multis
930 2449 1030 2518 annis
1051 2454 1085 2517 55
1107 2470 1188 2532 esse
1199 2447 1353 2518 iudicem
1375 2447 1473 2536 genti
1492 2447 1575 2516 huic

249 2553 515 2644 sciens(2t,10).
651 2634 656 2646 ⁸

293 2666 475 2731 Praeterea
497 2659 566 2729 alia
588 2659 807 2751 reperiuntur
827 2659 956 2731 indicia
974 2659 1100 2752 quibus
1122 2660 1204 2729 satis
1222 2659 1482 2729 demonstratur
1498 2657 1575 2729 lieri

249 2790 320 2837 non
335 2786 449 2858 posse,
466 2770 504 2834 ut
521 2766 613 2834 Felix
629 2766 699 2833 iam
724 2788 815 2834 anno
834 2772 877 2835 55
899 2766 955 2835 vel
972 2772 1016 2835 56
1029 2764 1078 2834 sit
1102 2788 1124 2835 a
1139 2767 1387 2858 procuratione
1406 2770 1572 2834 remotus.

250 2877 335 2942 Cum
353 2871 445 2940 enim
463 2878 622 2940 avocatus
640 2876 742 2954 esset,
762 2872 929 2964 primores
948 2862 1151 2941 Iudaeorum
1178 2871 1434 2960 accusationem
1453 2877 1575 2940 contra

250 3001 331 3048 enm
348 2977 569 3046 instituerunt
596 2981 629 3045 et
654 2976 801 3047 dedisset
825 2975 965 3055 omnino
985 3000 1115 3070 poenas
1136 2978 1362 3062 iniuriarum,
1390 2976 1460 3046 nisi
1486 2982 1574 3046 Nero

250 3085 367 3155 fratris
380 3083 454 3153 eius
479 3083 641 3153 Pallantis
659 3083 809 3174 quitum
821 3084 968 3153 mamma
981 3085 1074 3176 apud
1093 3106 1175 3154 eum
1191 3083 1230 3154 in
1247 3083 1382 3153 bonore
1401 3089 1477 3152 erat
1492 3105 1574 3174 pre·

250 3190 348 3263 cibus
366 3189 578 3283 supplicibus
596 3190 705 3259 multa
726 3189 921 3259 indulsisset
948 3192 1076 3281 (Antiq.
1103 3190 1248 3276 20,8‚9).
1264 3195 1337 3259 Iam
1358 3212 1441 3259 vero
1459 3188 1574 3259 ‘lecito

252 3300 423 3367 referente
442 3303 574 3365 certum
595 3302 645 3364 est
663 3289 851 3365 Pallantem
873 3318 963 3365 anno
984 3305 1063 3366 555
1086 3301 1220 3365 Nerone
1234 3318 1319 3364 cura
1334 3317 1454 3366 rerum
1469 3295 1574 3365 fuisse

244 3405 430 3475 demotum
448 3402 584 3494 (115551.
608 3409 720 3494 13,16)
743 3408 777 3471 51
799 3402 957 3494 quamvis
975 3426 997 3471 a
1011 3400 1157 3472 crimine
1179 3402 1429 3472 coniurationis
1452 3410 1575 3473 contra

251 3515 419 3580 Neronem
433 3508 678 3591 absolveretur,
698 3513 814 3577 555555
828 3508 954 3578 Neroni
968 3514 1041 3577 erat
1055 3529 1175 3577 exosus
1190 3528 1200 3578 ε
1218 3530 1283 3578 555
1299 3514 1372 3577 tam
1384 3517 1487 3596 grata
1498 3508 1574 3579 Pal·

252 3616 356 3686 lantis
380 3616 580 3684 innocentia
600 3636 702 3706 quam
729 3614 846 3703 gravis
869 3615 1030 3706 superbia
1050 3613 1117 3682 luit
1142 3614 1278 3705 (Annal.
1311 3619 1442 3702 lm).
1470 3615 1573 3685 Proin

251 3743 343 3793 anno
359 3729 460 3792 5556
477 3720 587 3790 Pallas
599 3721 740 3789 minime
753 3728 827 3790 erat
837 3719 874 3789 in
892 3742 1019 3809 magno
1031 3720 1126 3812 apud
1143 3724 1314 3790 Neronem
1327 3720 1464 3790 bonore
1478 3727 1513 3790 et
1532 3745 1574 3791 eo

250 3834 406 3921 tempore
423 3849 494 3896 non
508 3826 667 3897 valuisset
679 3827 771 3919 apud
789 3832 958 3897 Neronem
975 3825 1166 3918 quidquam
1177 3825 1366 3919 impetrare
1383 3849 1449 3919 pro
1467 3828 1575 3897 tratre

244 3957 322 4006 reo.
334 3933 446 4003 Facile
458 3937 573 4002 autem
587 3933 663 4002 lieri
675 3933 803 4025 potuit,
825 3940 863 4002 ut
878 3938 997 4025 postea
1007 3931 1119 4003 Pallas
1137 3931 1265 4001 iterum
1278 3933 1317 4002 in
1334 3932 1487 4022 matiam
1510 3937 1575 4002 Ne·

250 4040 344 4110 ronis
357 4041 505 4126 rediret,
521 4039 582 4131 qui
595 4042 667 4109 eius
678 4042 881 4110 immensam
890 4039 1073 4132 pecuniam
1085 4037 1271 4130 appetebat
1282 4038 1423 4129 (Annal.
1442 4041 1572 4130 1565).

151 4153 157 4160 ’
249 4151 374 4217 Narrat
391 4145 553 4239 Iosephus
573 4147 660 4239 (Vita
682 4147 717 4239 3)
741 4168 775 4219 se
798 4152 873 4238 post
892 4144 985 4215 vitae
1005 4167 1092 4217 suae
1113 4159 1244 4214 annum
1264 4151 1309 4214 ao
1331 4148 1476 4217 Romam
1501 4167 1574 4216 esse

251 4255 461 4344 proiectum,
482 4259 521 4322 ut
541 4252 632 4322 viam
646 4253 765 4322 salutis
781 4251 952 4322 inveniret
964 4251 1176 4343 quibusdem
1193 4250 1432 4320 sacerdotibus
1445 4252 1515 4343 piis
1533 4274 1575 4323 ac

96 4350 101 4360 ⁸
240 4358 372 4443 bonis,
392 4381 479 4450 quos
496 4360 542 4427 ob
566 4360 705 4451 culpam
726 4360 907 4429 leviculam
930 4358 1023 4427 Felix
1043 4362 1415 4457 procurator'llomam
1433 4358 1577 4429 miserat

252 4486 389 4535 5555555
404 4465 496 4556 apud
514 4469 688 4534 Caesarem
704 4466 866 4534 dicturos.
882 4469 953 4534 Iani
965 4464 1129 4555 Iosephus
1141 4468 1243 4533 natus
1256 4470 1440 4541 cratanno
1459 4468 1573 4559 primo

241 4571 467 4663 principatus
481 4570 552 4640 Caii
574 4570 723 4640 Caesaris
744 4570 833 4660 (Vita
858 4570 888 4662 1)
907 4571 933 4639 i.
951 4592 983 4640 5.
1002 4569 1095 4639 inter
1117 4575 1158 4638 16
1172 4569 1338 4643 martium
1350 4577 1481 4653 eram
1501 4573 1574 4642 eins

244 4676 411 4767 ,55651555
435 4683 551 4747 autem
574 4676 694 4746 referri
714 4674 854 4746 debebit
875 4675 920 4745 ad
944 4698 1075 4747 annum
1099 4682 1160 4758 383
1185 4697 1269 4746 nam
1290 4676 1409 4769 Antiq.
1430 4684 1573 4765 20,lt,2
