4154 5452
1090 381 1163 425 νον.
1184 336 1321 434 ica-as.
1829 342 1877 424 ci

538 514 626 586 lium
643 518 686 586 ci.
706 519 822 598 tatu.
844 514 901 605 30)
926 527 1000 582 erat
1017 534 1075 579 eor
1090 533 1200 578 unum
1214 522 1246 578 et
1260 509 1381 578 anima
1394 531 1484 596 terem·
1502 538 1518 571 «
1545 512 1621 579 vide
1637 514 1791 582 iruetum
1810 513 1868 582 ad·

536 629 659 692 ventus
672 619 819 712 Spiritus
830 623 955 703 sancti,
976 619 1037 709 qui
1056 624 1106 685 est
1125 639 1192 708 pax
1208 622 1242 685 et
1260 616 1459 700 concordia;
1478 640 1542 709 pro
1561 618 1627 685 hac
1643 618 1775 686 unitate
1790 643 1869 710 pre-

464 784 469 792 .
537 740 633 799 catus
652 730 727 795 erat
747 726 900 796 Christus
921 731 1074 808 Patrem,
1090 730 1129 791 ut
1143 724 1214 792 sint
1232 746 1339 792 unum
1357 723 1443 792 sicut
1462 738 1494 793 et
1513 747 1575 793 uos
1598 724 1708 817 (loen.
1728 727 1865 816 17,11);

537 834 743 927 promiserat
765 833 870 903 etiam
891 854 954 923 per
976 825 1156 898 ieremiam
1180 838 1267 901 Deus
1292 855 1301 898 ε
1327 831 1418 898 dabo
1437 833 1485 898 eis
1506 854 1564 899 cor
1587 852 1696 899 unum
1721 835 1757 899 et
1776 832 1868 899 viam
1949 852 1954 861 ’

537 920 646 1007 unam
663 968 679 1001 ν
703 940 779 1028 (ter.
798 944 917 1023 32‚39;
931 934 1058 1027 Saltu.)
1074 942 1174 1006 erant
1190 937 1307 1028 itaque
1326 939 1409 1005 tales
1426 932 1544 1028 quales
1562 938 1736 1027 apostolus
1751 937 1871 1037 fideles

537 1065 609 1113 csse
622 1044 717 1137 cupit
734 1067 742 1115 ε
762 1054 925 1132 σύμψνχοι,
942 1044 1079 1133 ἰσόψυχον
1093 1043 1276 1110 unanimes
1296 1043 1394 1131 (Phil.
1412 1050 1481 1124 9,·2.
1495 1044 1567 1133 20).
1584 1047 1677 1121 Quae
1693 1042 1818 1110 caritas
1837 1048 1871 1111 et

537 1153 722 1221 eoncordia
746 1156 905 1218 mutuam
928 1172 1071 1240 quoque
1093 1147 1264 1217 efficiebat
1287 1149 1634 1217 communicationem
1656 1149 1832 1217 bonorum
1858 1172 1866 1218 ε

535 1280 598 1327 nec
618 1256 807 1350 quisquam
825 1261 893 1326 citt
915 1257 960 1338 εἷς
982 1279 1025 1323 ue
1046 1276 1137 1324 unns
1152 1256 1311 1345 quidem,
1331 1278 1448 1323 eorum
1470 1278 1558 1346 quae
1580 1254 1778 1345 possidebat
1802 1254 1869 1323 uli-

536 1362 626 1456 quid
650 1385 750 1430 suum
770 1385 839 1431 esse
865 1360 1017 1445 dicebat,
1035 1359 1099 1428 sed
1119 1374 1220 1428 eruut
1247 1360 1320 1429 illis
1343 1362 1460 1429 cettuiu
1488 1361 1702 1446 cornutuuiu,
1724 1360 1869 1429 ditiores

533 1468 652 1559 itaque
674 1468 890 1538 libentissme
910 1467 1147 1556 egentiorihus
1165 1468 1382 1546 tribuebant3
1406 1491 1487 1558 opes
1507 1490 1585 1536 suas
1606 1491 1676 1536 non
1700 1475 1772 1536 tam
1790 1489 1869 1535 suas

536 1597 644 1665 quam
672 1575 828 1643 omnium
856 1595 932 1641 rem
955 1596 995 1642 ae
1015 1572 1246 1665 possessiones
1271 1574 1525 1641 considerantes
1546 1572 1604 1662 (ci.
1632 1574 1808 1664 att-tt).
1828 1577 1869 1640 rt

537 1683 620 1750 dum
645 1681 761 1771 gratia
780 1680 842 1749 Dei
864 1681 914 1749 ita
936 1680 1029 1771 apud
1050 1680 1171 1748 fideles
1194 1679 1373 1748 manifesta
1394 1688 1482 1763 erat,
1501 1702 1572 1748 non
1592 1680 1706 1748 minus
1728 1680 1866 1771 conspi-

539 1811 604 1859 cua
636 1788 813 1857 eminebat
840 1786 932 1878 apud
968 1787 1141 1877 apostolos
1177 1809 1211 1854 v.
1236 1792 1277 1853 33
1308 1800 1341 1853 et
1365 1786 1489 1854 virtute
1517 1809 1647 1877 tnuqua
1674 1784 1868 1855 reddebant

537 1894 690 1987 apostoli
725 1893 959 1962 testimouium
991 1893 1250 1961 resurrectionis
1283 1896 1359 1960 Iesu
1399 1893 1525 1962 Christi
1558 1892 1701 1960 Domini
1736 1892 1864 1975 nostri,

538 2005 694 2071 ἀπεδίδουν
721 2023 792 2092 qua
812 2000 964 2068 dictione
987 2021 1046 2067 eos
1070 1999 1243 2088 significat
1267 2000 1392 2090 quibus
1413 2000 1545 2090 aliquid
1560 1999 1797 2068 concreditum
1816 2003 1868 2067 est

541 2112 578 2175 et
592 2107 654 2198 qui
668 2105 825 2175 debitum
838 2105 992 2174 reddunt
1007 2106 1103 2197 (Clu.
1124 2107 1203 2175 Oee.
1223 2105 1397 2198 Themi).
1847 2089 1853 2100 ⁸

583 2212 680 2292 Quod
702 2211 982 2301 efflagitaverant
1001 2211 1038 2279 iu
1061 2236 1093 2280 v.
1116 2218 1172 2296 29,
1186 2211 1221 2279 id
1235 2214 1407 2281 consecuti
1428 2218 1523 2295 sunt;
1544 2242 1560 2275 ν(
1578 2235 1649 2280 non
1666 2210 1775 2280 vcrb'o
1789 2219 1867 2280 tan·

536 2326 629 2404 tum,
645 2319 709 2388 sed
723 2316 828 2388 etiam
840 2317 967 2387 virtute
983 2318 1218 2388 testimonium
1233 2320 1489 2387 resurrectionis
1508 2319 1756 2402 exhibuerunt,
1777 2323 1815 2386 ut
1832 2325 1867 2387 et

535 2426 663 2496 Paulus
681 2425 731 2494 ait
754 2445 762 2495 :
789 2430 824 2493 et
837 2424 1051 2517 praedicatio
1074 2447 1152 2494 mea
1168 2429 1293 2494 nonin
1315 2426 1598 2516 persuasibilibus
1619 2428 1796 2494 humanae
1815 2448 1867 2494 sa·

534 2533 686 2625 pientiae
709 2532 839 2615 verbis,
856 2530 918 2600 sed
938 2531 975 2600 iu
999 2532 1192 2600 ostensione
1217 2532 1363 2622 Spiritus
1382 2541 1415 2600 et
1436 2532 1569 2600 virtutis
1595 2560 1611 2593 ν
1636 2533 1762 2620 (teor.
1787 2537 1863 2616 2,t;

488 2638 492 2645 ’
537 2637 647 2730 Cha).
664 2644 716 2706 lta
729 2638 839 2726 igitur
857 2644 893 2706 et
911 2638 1006 2730 apud
1023 2637 1142 2706 fideles
1160 2644 1195 2706 et
1214 2639 1307 2729 apud
1331 2640 1502 2729 apostolos
1520 2640 1616 2706 saror
1632 2638 1773 2706 divinus
1791 2643 1866 2706 erat

535 2744 753 2827 manifestum
772 2757 805 2812 et
819 2742 939 2834 qratia
958 2767 1089 2835 meque
1101 2756 1175 2812 erut
1194 2744 1231 2812 in.
1244 2745 1399 2812 omnibus
1415 2745 1486 2811 illis
1505 2752 1552 2813 tet
1571 2752 1686 2825 πάντας
1703 2745 1761 2833 (ci.
1780 2748 1863 2814 Luc.

534 2852 644 2942 ido),
660 2872 765 2942 super
778 2872 898 2918 omnes
919 2852 1017 2919 favor
1031 2850 1169 2921 divinus
1183 2852 1282 2942 quasi
1298 2852 1581 2942 protendebatur,
1599 2850 1862 2934 extendebatur,

533 2955 786 3049 requiescebat.
801 2960 843 3023 st
865 2955 962 3025 aliud
987 2956 1091 3024 huius
1119 2957 1251 3045 gratiae
1271 2964 1304 3024 et
1322 2958 1447 3025 favoris
1466 2958 1526 3025 Dei
1542 2958 1793 3025 documentum
1813 2963 1864 3025 est

534 3086 568 3132 v.
585 3069 627 3131 st
638 3084 751 3153 neque
762 3061 856 3130 mim
876 3063 1061 3155 quisquam
1080 3086 1183 3153 eqenc
1195 3077 1269 3131 erat
1282 3063 1371 3131 inter
1387 3063 1480 3147 illua·
1495 3075 1665 3155 quotquot
1679 3061 1775 3132 enim
1782 3085 1865 3154 pos·

533 3191 677 3238 sessores
686 3190 852 3259 aqi-orum
864 3180 927 3236 aut
935 3167 1112 3237 domorum
1125 3183 1224 3236 eruut
1232 3169 1412 3237 vendentes
1424 3172 1615 3262 afferebam
1623 3171 1864 3261 prett'ueorum

533 3298 623 3368 quae
640 3274 830 3343 vendebant
847 3297 881 3345 v.
899 3283 954 3343 35.
972 3288 1004 3341 et
1015 3275 1193 3367 procedunt
1205 3290 1286 3344 aitte
1296 3276 1403 3366 pedes
1418 3274 1863 3367 nqtost0l02·um,·dinideba·

534 3395 592 3451 tur
604 3381 898 3472 atttentsinqulis,
909 3395 1019 3473 prout
1037 3383 1162 3473 cuique
1177 3406 1262 3474 opus
1277 3396 1369 3467 erat,·
1389 3384 1474 3451 adeo
1490 3384 1606 3474 itaque
1626 3384 1741 3471 gratia
1757 3381 1817 3450 Dei
1829 3388 1863 3449 et

532 3489 684 3579 impulsu
708 3487 858 3580 Spiritus
881 3488 992 3556 sancti
1019 3489 1244 3577 regebantur,
1268 3496 1305 3557 ut
1334 3490 1481 3556 libenter
1504 3491 1696 3559 venderent
1722 3489 1865 3557 ditiores

532 3595 762 3688 possessiones
793 3616 889 3678 suas;
921 3617 1042 3663 eorum
1067 3596 1177 3686 pretio
1205 3597 1430 3671 efficiebatur,
1453 3620 1495 3663 ne
1524 3598 1708 3686 quisquam
1733 3617 1866 3684 egenus

533 3708 622 3770 esset
634 3701 725 3770 inter
740 3701 836 3786 ilios3
854 3711 976 3790 ἔφερεν,
995 3711 1124 3782 teitaus,
1140 3703 1215 3794 ipso
1228 3702 1430 3793 imperfecto
1445 3703 1661 3794 exprimitur,
1679 3725 1783 3794 scope
1797 3701 1865 3770 hoc

532 3809 662 3877 factum
690 3827 781 3889 esse;
811 3809 945 3898 quoties
968 3809 1060 3876 enim
1086 3831 1173 3899 opus
1199 3816 1271 3877 erat
1292 3810 1336 3876 ad
1362 3808 1593 3900 supplendum
1617 3810 1740 3878 fiscum
1772 3829 1865 3876 eom·

533 3934 675 3983 munem
690 3913 904 4005 pauperibus
918 3914 1148 3998 destinatum
1166 3916 1283 4005 itaque
1305 3938 1484 4006 uunquam
1501 3915 1621 3983 deerat
1640 3915 1737 4006 quod
1760 3912 1864 3982 dare-
1992 3909 2001 3926 ⁹

532 4024 591 4088 tur
603 4018 705 4110 (Bt.);
723 4026 803 4087 ante
816 4020 923 4111 pedes
935 4042 1066 4111 ponere
1080 4020 1104 4087 i.
1122 4042 1153 4089 e.
1171 4044 1300 4109 magua
1316 4044 1392 4089 eum
1409 4023 1599 4089 reverentia
1614 4021 1726 4112 (Chr.)
1742 4043 1864 4089 eorum

533 4149 637 4195 curae
669 4148 709 4194 ac
743 4125 962 4218 dispositioni
993 4126 1145 4209 tradere,
1174 4128 1387 4196 committere
1423 4129 1478 4216 gei.
1504 4129 1612 4218 τω).
1640 4133 1715 4196 Nou
1742 4149 1864 4196 omnes

532 4231 649 4301 omnia
676 4232 887 4314 vendidisse,
913 4233 989 4324 ipsa
1020 4255 1136 4302 rerum
1165 4235 1362 4303 conditione
1395 4235 1585 4303 necessario
1620 4234 1860 4326 consequitur3

533 4362 648 4430 neque
664 4361 723 4407 eos
736 4338 781 4407 ad
801 4338 838 4407 id
852 4346 988 4407 coactos
1009 4362 1097 4422 esse,
1114 4339 1222 4407 habes
1244 4348 1317 4426 5‚t;
1339 4351 1371 4409 et
1393 4348 1491 4424 ΝΛΞ
1512 4340 1614 4410 Maria
1634 4348 1746 4409 mater
1762 4340 1862 4409 tiarei

535 4445 679 4513 domum
693 4445 800 4514 habet
814 4447 1006 4539 propriam.

574 4676 620 4737 De
639 4694 669 4738 t.
685 4677 725 4738 st
743 4676 852 4757 eliqua
870 4683 1163 4740 controvertuntur.
1179 4680 1260 4740 Sunt
1279 4681 1365 4740 enim
1385 4681 1440 4758 qui
1459 4679 1594 4761 qratiam
1609 4678 1651 4740 ad
1677 4678 1764 4741 solos
1783 4695 1861 4759 apo-

536 4772 637 4836 stolos
656 4773 796 4837 referant
812 4771 896 4855 (Cat.
913 4773 999 4838 Beet.
1020 4774 1111 4838 Patr.
1132 4775 1245 4856 Ferit),
1263 4778 1318 4839 sed
1333 4796 1405 4840 cum
1424 4779 1501 4839 adeo
1519 4777 1666 4858 explicite
1682 4776 1865 4840 dicaturtet
