4010 5474
1001 374 1066 418 tm.
1091 359 1252 430 laio-12.
1737 357 1795 418 327

463 511 587 580 Dianae
607 510 887 581 celeberrimum.
915 505 1116 573 Commercii
1140 504 1249 593 igitur
1275 511 1310 572 ct
1331 506 1584 596 superstitionis
1605 528 1708 575 causa
1729 506 1789 575 ho·

462 618 570 687 mines
590 617 749 706 undique
774 615 812 680 in
835 633 914 680 eam
936 612 1058 679 urbem
1079 612 1328 681 confluxerunt.
1353 612 1457 680 Paulo
1480 611 1702 701 praedicante
1720 635 1793 681 non

462 724 574 793 solum
594 720 720 812 Ephesi
741 724 860 787 coetus
888 718 1042 787 fidelium
1061 724 1112 787 cst
1131 718 1349 801 constitutus,
1365 717 1424 786 sed
1438 717 1601 809 pluribus
1615 715 1651 782 in
1671 717 1789 784 civita-

405 904 408 909 ,
463 831 570 912 tibus;
593 847 675 894 nam
701 833 718 894 1
745 827 820 894 Cor.
847 831 948 908 taio
967 825 1111 894 scribit:
1132 826 1284 893 salutant
1300 848 1360 892 vos
1376 825 1542 893 ecclesiae
1561 823 1682 906 Asiac;
1700 821 1794 889 idem

466 935 576 1002 elucet
597 956 638 1003 ex
659 938 715 1019 20,
739 941 793 1002 17.
815 939 859 1002 28
877 940 910 1001 et
926 954 967 999 cx
986 936 1116 1021 septem
1135 930 1204 997 illis
1221 931 1392 1012 ecclesiis,
1416 930 1459 998 dc
1478 931 1606 1021 quibus
1624 929 1661 998 in
1673 934 1793 1020 Apoc,

467 1044 559 1108 certe
582 1039 688 1108 etiam
711 1039 866 1130 aliquae,
893 1038 1035 1104 fortasse
1059 1057 1194 1120 omues,
1220 1057 1261 1103 oo
1279 1036 1348 1104 iam
1371 1044 1524 1127 tempore
1545 1040 1681 1103 exortae
1699 1040 1793 1103 sunt.

468 1149 506 1215 itt
529 1169 598 1238 qua
620 1146 755 1215 ratione
778 1145 873 1212 inter
892 1142 1018 1210 multas
1036 1141 1280 1211 tribulationes
1296 1141 1548 1231 praedicaverit
1564 1142 1639 1233 ipse
1654 1143 1797 1208 enarrat

468 1258 570 1338 tais
584 1274 659 1342 seq.

510 1358 577 1426 Sed
603 1362 690 1426 Deus
715 1356 819 1424 etiam
847 1360 1007 1446 potenter
1032 1355 1064 1423 ei
1085 1355 1219 1423 adstitit
1245 1355 1519 1446 praeclarissima
1540 1354 1573 1421 ei
1594 1354 1795 1423 testimonia

466 1463 600 1531 divinae
618 1462 880 1554 approbationis
894 1462 1060 1531 exhibens
1078 1482 1111 1529 v.
1135 1468 1174 1529 ii
1190 1460 1401 1552 virtutesque
1417 1483 1488 1529 nou
1504 1459 1674 1551 quoslibet
1688 1466 1722 1529 ot
1736 1464 1792 1542 τὰς

464 1579 611 1658 τυχούσας
627 1591 696 1638 non
710 1569 888 1657 vulgares,
905 1590 977 1636 non
993 1567 1146 1636 modicas
1166 1566 1270 1657 (gig),
1287 1568 1348 1636 sed
1359 1567 1512 1652 eximias,
1525 1565 1682 1655 feriebat
1702 1570 1793 1634 Deus

463 1696 680 1766 permenam
702 1675 822 1760 Pauli,
848 1698 881 1743 v.
910 1679 952 1742 12
973 1676 1023 1742 ita
1042 1687 1082 1742 ut
1096 1674 1200 1742 etiam
1214 1694 1318 1765 super
1332 1672 1520 1764 languidos
1535 1672 1754 1764 deferrentur
1772 1695 1795 1740 α

466 1804 604 1874 corpore
628 1781 702 1850 eius
724 1797 776 1852 τοῦ
800 1792 918 1870 χρωτὸς
941 1802 962 1848 a
982 1786 1059 1849 cute
1080 1780 1155 1848 eius
1173 1779 1318 1849 sudario
1334 1793 1367 1847 et
1382 1790 1400 1864 ἢ
1417 1780 1473 1846 vel
1487 1779 1723 1866 semicinctio;
1735 1801 1795 1847 su·

466 1888 600 1958 darium
625 1886 772 1957 linteum
786 1894 837 1955 est
857 1886 903 1955 ad
918 1886 1080 1955 sudorem
1093 1886 1212 1971 facici,
1229 1887 1365 1955 narium
1385 1885 1675 1974 abstergendum
1692 1885 1794 1953 semi·

466 1994 629 2063 cinctium
654 1999 704 2062 ost
724 1998 965 2082 tegumentum
990 2014 1058 2084 quo
1080 1992 1220 2083 opifices
1242 1993 1451 2062 anteriorem
1475 1991 1627 2084 corporis
1656 1996 1793 2084 partem

466 2100 605 2187 cingere
631 2099 758 2183 solent,
788 2099 971 2187 cingulum
994 2099 1090 2189 quod
1117 2097 1299 2167 dimidiam
1323 2099 1476 2189 corporis
1498 2105 1633 2188 partem
1660 2099 1791 2185 cingat.

466 2205 625 2296 Explicat
639 2207 717 2275 Oec.
745 2227 760 2273 .·
785 2205 927 2273 sudaria
950 2227 1053 2296 super
1078 2209 1183 2296 caput
1201 2204 1403 2288 mudantur,
1429 2203 1643 2272 semicinctia
1660 2203 1698 2271 in
1721 2226 1793 2271 ma·
1832 2264 1835 2269 ,

464 2310 566 2380 nibus
590 2315 709 2381 tenent
731 2311 777 2381 ad
799 2309 1049 2401 abstergendos
1074 2310 1234 2396 sudores,
1260 2311 1420 2380 lacrimas
1440 2317 1505 2380 etc.
1534 2315 1634 2379 Notat
1658 2308 1753 2378 Beda
1777 2332 1791 2378 .·

466 2444 484 2481 «
510 2418 610 2486 multi
632 2423 789 2487 nostrum
813 2417 899 2510 quid
921 2417 1133 2487 semicinctia
1153 2417 1349 2507 significent
1369 2419 1549 2506 ignorant;
1570 2438 1694 2485 verum
1708 2419 1791 2485 Gre-

463 2523 580 2612 gorius
603 2523 665 2615 qui
687 2546 780 2593 nuuc
803 2530 854 2593 est
874 2524 1079 2614 apostolicae
1102 2523 1192 2591 sedis
1213 2523 1371 2602 antistes,
1397 2544 1476 2590 cum
1496 2528 1583 2590 esset
1601 2523 1717 2590 adbuc
1736 2544 1792 2590 ar-

463 2628 685 2699 chidiaconus
699 2630 887 2698 sciscitanti
901 2630 1012 2698 amico
1030 2628 1074 2697 de
1086 2628 1263 2698 Britannia
1276 2634 1311 2697 et
1331 2628 1396 2696 hoc
1410 2628 1500 2696 inter
1514 2628 1583 2696 alia
1599 2629 1787 2719 rescripsit,

464 2756 572 2824 genus
594 2757 665 2804 csse
684 2734 817 2804 sudarii
835 2757 905 2827 quo
926 2734 1071 2804 llebraei
1086 2735 1277 2804 utanturin
1291 2734 1403 2826 capite
1425 2763 1454 2802 s.
1471 2734 1596 2802 Paulus
1608 2732 1787 2825 opificium

463 2862 563 2909 suum
588 2841 712 2932 Ephesi
732 2863 873 2932 quoquc
892 2863 1052 2910 exercens
1073 2840 1193 2909 labore
1213 2862 1378 2909 manuum
1396 2840 1462 2908 sibi
1476 2841 1641 2930 sociisque
1658 2840 1788 2908 victum

464 2946 608 3037 parabat
621 2946 771 3038 (20,3t);
788 2947 863 3015 eius
875 2947 1055 3015 laboribus
1071 2953 1158 3016 Deus
1172 2948 1221 3016 ita
1235 2969 1373 3038 quoquc
1388 2946 1615 3014 benedicebat
1631 2945 1786 3036 (Saluo),

462 3057 500 3120 ut
518 3052 659 3121 sudaria
684 3054 757 3121 eius
782 3059 818 3122 et
836 3052 1047 3121 semicinctia
1064 3051 1252 3122 evaderent
1275 3053 1373 3143 quasi
1392 3053 1619 3120 iustrumenta
1638 3053 1789 3120 sanatio·

461 3180 562 3239 num,
590 3158 642 3226 uti
670 3158 809 3227 fimbria
833 3158 1029 3227 vestimenti
1050 3157 1190 3240 christu
1213 3171 1247 3227 et
1260 3157 1461 3227 recedebunt
1475 3160 1518 3226 ob
1536 3159 1585 3227 eis
1600 3158 1787 3249 languores

461 3277 493 3331 et
506 3264 647 3354 spiritus
666 3286 817 3355 nequam
836 3263 1118 3356 epredr'ebontur5
1141 3265 1281 3334 attendo
1306 3265 1436 3334 secerni
1453 3288 1473 3334 a
1494 3272 1581 3334 Luca
1599 3265 1740 3333 morbos
1755 3273 1789 3332 ct

459 3370 598 3462 spiritus
616 3391 785 3462 nequam3
806 3371 886 3440 illos
900 3376 1046 3452 amotos,
1062 3372 1125 3440 hos
1145 3371 1213 3439 dici
1227 3393 1379 3461 egressos
1394 3375 1502 3459 (5‚io;
1523 3377 1639 3454 io,18;
1658 3371 1783 3459 Pata).

460 3481 550 3545 Bene
570 3481 669 3546 notat
692 3477 783 3545 Beel.
807 3499 821 3545 :
847 3499 1009 3569 praesens
1029 3477 1125 3548 locus
1152 3478 1325 3570 imprimis
1344 3479 1435 3547 valet
1457 3478 1503 3546 ad
1527 3476 1786 3546 defendendum

461 3581 662 3670 religiosum
683 3605 860 3652 sacrarum
874 3583 1102 3674 reliquiarum
1114 3584 1246 3653 cultum
1264 3584 1320 3674 (ci.
1338 3588 1424 3677 top.
1444 3583 1559 3671 Feli).
1578 3589 1616 3652 lit
1631 3583 1786 3674 proiecto

460 3689 505 3756 ad
525 3687 712 3779 praestigia
734 3695 914 3778 goetarum
939 3692 1153 3781 superanda,
1178 3697 1217 3759 ut
1238 3697 1368 3760 mentes
1387 3691 1567 3759 hominum
1587 3690 1631 3758 ab
1647 3690 1689 3759 iis
1704 3692 1786 3759 arti·

460 3795 591 3886 busque
608 3796 751 3885 magicis
769 3803 1007 3865 averterentur
1030 3801 1065 3864 et
1087 3798 1156 3864 vim
1175 3805 1401 3885 agnoscerent
1420 3820 1499 3866 uere
1514 3796 1686 3877 divinam,
1707 3796 1785 3887 pla-

459 3899 528 3968 cuit
550 3902 606 3969 uei
627 3900 837 3990 benignitati
861 3901 1113 3993 sapientissimo
1135 3903 1276 3972 consilio
1300 3903 1436 3995 operari
1455 3903 1624 3971 miracula
1643 3901 1782 3986 eximia,

459 4005 727 4075 manifestissima
742 4008 799 4097 (ci.
818 4009 905 4098 Eph.
928 4010 1037 4098 ΜΞ).

727 4223 729 4227 ’
800 4244 824 4304 c)
838 4242 887 4294 De
907 4240 1045 4296 1uoaais
1061 4242 1248 4297 exorcistis
1269 4241 1435 4308 10‚1³·20.

496 4407 795 4470 19,tt.'toutarerunt
818 4411 913 4462 autem
935 4408 1051 4475 quidam
1067 4414 1096 4463 et
1180 4409 1270 4473 19,st
1297 4404 1478 4479 Ἐπεχείρησαν
1511 4406 1538 4460 δι’
1568 4423 1633 4468 τινες
1661 4406 1704 4459 καὶ
1733 4411 1785 4460 τῶν

456 4494 492 4547 de
529 4496 765 4550 urcumeuntibus
800 4496 913 4550 Iudaeis
949 4500 1097 4551 exorcistis
1141 4495 1342 4570 πιριερχομλνων
1378 4494 1505 4548 Ἰουδαίων
1542 4493 1688 4565 ὶξορκιστῶν
1725 4493 1784 4549 iso-

458 4585 589 4636 inrocare
605 4598 752 4651 superous
766 4589 815 4652 qui
827 4586 969 4639 habebant
983 4588 1097 4652 spiritus
1143 4585 1230 4657 pitin
1259 4584 1299 4639 ta
1325 4584 1381 4647 τοὺς
1407 4583 1512 4655 ἔχοντες
1540 4582 1571 4639 τὰ
1598 4589 1728 4655 arripare
1753 4583 1784 4639 st

459 4672 548 4723 maios
572 4684 676 4726 nomen
699 4675 812 4726 Domini
836 4675 914 4737 lesu,
937 4674 1063 4728 diceutes
1089 4690 1096 4727 ε
1142 4672 1239 4745 scrupi
1265 4674 1295 4727 τὴ
1321 4674 1402 4745 tropa
1426 4676 1470 4727 τοῦ
1502 4672 1590 4744 Κυρίου
1617 4671 1715 4739 Ἰησοῦ,
1739 4672 1785 4727 tt·

460 4758 630 4813 Adiuroros
643 4763 799 4827 pertesum
808 4777 893 4830 quem
904 4763 1098 4831 Paulusprae
1143 4781 1243 4835 γοντις,
1277 4759 1384 4835 ‘opsita
1410 4761 1473 4831 ὑμᾶς
1504 4761 1547 4815 τὸν
1584 4759 1682 4830 Ἰησοῦν
1712 4763 1740 4815 ts
1769 4762 1784 4816 t
