4092 5490
1045 450 1112 493 ror.
1138 432 1293 505 lunari.
1770 438 1828 498 tas

502 584 612 675 liquet
627 585 712 675 quia
725 605 785 652 eos
800 582 898 649 iubet
916 579 1103 670 baptizari,
1121 580 1291 672 baptismo
1306 587 1421 648 autem
1435 580 1657 670 praemissam
1668 605 1739 651 esse
1750 584 1829 652 doc-

501 691 631 761 trinam
645 691 689 758 de
702 689 890 778 baptismo,
908 685 952 754 de
962 686 1127 775 mysterio
1141 687 1313 756 Trinitatis
1327 694 1390 756 etc.
1403 708 1503 755 nemo
1513 687 1549 753 in
1560 692 1829 758 controversiam

501 797 649 867 vocabit.
676 799 771 861 Novo
795 793 895 878 signo
921 793 1053 884 placuit
1078 793 1250 884 benignae
1276 795 1333 862 Dei
1363 794 1596 883 providentiae
1623 794 1829 863 confirmare

501 924 619 972 coram
629 899 776 984 ludaeiS,
792 899 955 987 gentibus
968 922 1107 991 quoque
1122 906 1244 968 cuncta
1253 899 1346 967 bona
1359 899 1468 967 tribui
1482 901 1648 968 messiano
1662 900 1740 989 lege
1751 922 1827 968 mo·

500 1009 593 1077 saica
617 1006 819 1076 nullatcnus
836 1005 1045 1073 intermedia
1068 1005 1125 1093 (cf.
1144 1007 1272 1095 rur-9)
1287 1030 1319 1073 v.
1336 1012 1378 1074 ta
1406 1004 1517 1072 udlttrc
1540 1004 1700 1096 loquente
1724 1009 1827 1074 Petro
1931 994 1935 997 ¹

503 1101 603 1182 uerbo
614 1112 712 1196 baec,
728 1132 888 1181 sermone
900 1110 1057 1179 nondum
1070 1111 1231 1180 adfinem
1243 1112 1408 1202 perducto
1420 1110 1524 1200 (Beel.
1541 1111 1659 1201 Feta),
1671 1133 1829 1180 sermone

501 1220 572 1289 iam
586 1220 687 1289 finito
703 1217 770 1309 (Bt.
793 1216 923 1303 Weiss;
937 1218 990 1285 ct·
1005 1218 1121 1285 llatth.
1151 1224 1269 1301 12,t6;
1301 1206 1390 1302 1⁷5·
1408 1222 1485 1284 Luc.
1503 1225 1600 1299 a,ta;
1627 1224 1749 1302 22,t7;
1769 1218 1830 1286 sed

501 1326 663 1395 dubitare
680 1324 779 1406 licet,
797 1344 882 1390 num
896 1322 989 1391 hisce
1009 1323 1210 1392 ostendatur
1232 1323 1326 1415 quod
1344 1323 1482 1405 volunt,
1499 1324 1572 1391 scil.
1589 1324 1741 1391 sermoni
1759 1324 1831 1392 iam

503 1454 574 1501 esse
593 1433 700 1499 finem
713 1428 942 1519 impositum),
960 1427 1084 1497 cecidit
1097 1429 1250 1519 Spiritus
1269 1442 1408 1498 suiectus
1428 1451 1529 1519 stipor
1548 1451 1665 1497 omnes
1684 1429 1748 1520 qui
1766 1453 1831 1498 eu-

503 1537 644 1606 diebont
659 1537 799 1603 uerbum
808 1534 882 1603 scil.
898 1556 1002 1625 super
1011 1535 1206 1604 Cornelium
1217 1543 1252 1603 et
1263 1558 1347 1627 quos
1362 1540 1609 1604 convocaverat
1626 1536 1671 1626 (v.
1689 1543 1743 1604 at.
1757 1537 1828 1625 33);

503 1644 602 1732 signo
621 1640 778 1710 sensibili
792 1640 960 1709 adventus
974 1640 1047 1709 eius
1068 1642 1354 1710 manifestabatur
1375 1665 1407 1709 v.
1426 1648 1480 1711 td.
1508 1642 1651 1710 ludaeos
1675 1641 1831 1710 nondum

408 1758 412 1765 '
503 1750 714 1841 perspexisse
733 1746 855 1816 ordine
870 1746 991 1816 eodem
1016 1748 1054 1815 in
1072 1770 1182 1837 regno
1205 1750 1372 1816 messiano
1386 1747 1560 1816 habendos
1574 1753 1651 1816 esse
1664 1748 1832 1836 alienige-

503 1878 575 1941 nas,
586 1856 720 1924 cruitur
729 1878 771 1923 ex
777 1874 900 1923 eorum
908 1853 1133 1922 admiratione
1144 1855 1333 1923 maximav.
1348 1860 1389 1922 t5
1403 1868 1435 1922 et
1444 1857 1704 1946 obstupuerunt,
1717 1857 1760 1924 cf.
1773 1862 1831 1934 nr

503 1985 546 2031 ec
561 1959 824 2036 circumcisione
838 1958 959 2050 fideles
972 1960 1036 2051 qui
1052 1973 1217 2028 uenerant
1235 1982 1313 2028 cum
1333 1964 1444 2046 Petro,
1465 1961 1548 2029 socii
1567 1962 1651 2043 eius,
1669 1984 1738 2029 non
1757 1961 1832 2050 ipse
1926 2050 1930 2053 v

503 2073 642 2148 Petrus3
661 2068 692 2135 is
709 2066 804 2134 enim
819 2066 992 2134 benaiam
1011 2066 1179 2135 intellexit
1193 2067 1365 2158 quomodo
1387 2072 1472 2134 [teus
1486 2068 1697 2154 alienigenas
1719 2066 1832 2133 consi-

502 2174 622 2242 derari
646 2172 773 2259 vellet,
795 2172 927 2264 puioet
952 2173 989 2240 in
1005 2171 1160 2241 nationes
1182 2173 1297 2263 qratia
1321 2173 1469 2263 Spiritus
1490 2172 1604 2240 soracti
1627 2173 1738 2263 effuso
1765 2185 1828 2256 est,

503 2279 610 2371 idque
626 2279 700 2347 sine
715 2279 793 2367 lege
809 2278 960 2347 mosaica
978 2284 1012 2346 et
1031 2277 1290 2349 circumcisione
1310 2278 1532 2362 intermedia;
1550 2279 1643 2347 unde
1662 2283 1777 2347 autem
1795 2277 1833 2345 id

504 2386 747 2475 cognoverint,
766 2384 895 2454 dicitur·
910 2408 943 2455 v.
965 2392 1008 2454 aa
1029 2384 1218 2453 audiebant
1238 2384 1328 2453 enim
1351 2385 1427 2453 illos
1447 2386 1622 2476 loquentes
1641 2384 1777 2474 linquis
1800 2398 1833 2451 et

503 2492 771 2583 mopnificuntes
784 2493 918 2576 Deum,·
935 2492 980 2559 cf.
1002 2497 1095 2575 2,11.
1124 2497 1140 2559 1
1161 2495 1236 2559 Cor.
1260 2498 1357 2571 1a,1;
1378 2497 1453 2572 lt,5
1471 2513 1541 2581 seq.
1567 2494 1667 2558 Notat
1689 2491 1833 2559 Seuerou

503 2599 623 2667 in'cat.
646 2597 807 2689 prodigia
822 2596 1142 2678 maximedebuisse
1159 2597 1370 2665 efflorescere
1395 2603 1467 2664 tum
1491 2597 1673 2686 temporis,
1691 2595 1833 2686 quando

505 2703 692 2772 difficultas
706 2702 873 2771 credendi
895 2702 1087 2793 plurimum
1110 2702 1303 2785 obtinebat3
1321 2703 1356 2768 in
1382 2725 1468 2770 novo
1483 2702 1554 2770 scil.
1578 2723 1694 2769 rerum
1709 2701 1832 2770 ordine

504 2808 731 2878 instituendo.
751 2836 768 2871 κ
784 2811 832 2877 Ne
844 2808 1017 2899 baptisma
1031 2808 1195 2897 gentibus
1209 2808 1345 2877 tradere
1358 2808 1545 2890 dubitetur,
1562 2808 1709 2898 Spiritus
1724 2809 1833 2877 sancti

504 2915 702 2984 testimonio
723 2915 961 2997 confirmatur,
988 2914 1080 3004 ipsas
1105 2915 1234 2983 lavacri
1264 2937 1369 3004 aquas
1394 2938 1478 3005 quas
1504 2915 1719 2983 sanctificare
1745 2916 1833 2982 solet

504 3044 593 3091 novo
612 3020 736 3089 ordine
754 3020 1115 3111 praecurrentisquod
1133 3021 1238 3089 semel
1254 3021 1290 3087 in
1309 3021 1539 3088 testimonium
1558 3020 1640 3088 fidei
1654 3021 1830 3108 gentium,

505 3148 687 3219 nunquam
705 3148 787 3195 vero
814 3127 853 3194 in
874 3126 1010 3195 ludaeis
1036 3128 1189 3195 evenisse
1212 3127 1381 3216 reperitur
1410 3155 1426 3187 u
1455 3126 1580 3215 (Rodii
1615 3127 1748 3195 Accidit
1767 3127 1834 3194 hoc

505 3239 573 3303 Deo
589 3232 773 3301 ordinante
787 3232 893 3301 etiam
910 3232 955 3299 ad
969 3254 1134 3320 magnam
1152 3234 1240 3300 Petri
1262 3232 1492 3300 defensionem
1510 3233 1620 3323 (Oce.)
1635 3234 1731 3324 apud
1747 3232 1833 3301 srde-

505 3338 555 3407 les
569 3361 609 3406 ex
624 3338 886 3406 circumcisione
899 3340 1004 3429 (11,3)
1020 3360 1053 3405 v.
1072 3345 1114 3407 tr
1130 3351 1209 3406 trun
1226 3338 1399 3429 respoudit
1416 3342 1533 3406 Petrus
1552 3340 1575 3406 i.
1590 3363 1620 3407 c.
1638 3363 1678 3407 ex
1693 3362 1729 3407 re
1744 3340 1834 3407 faeta

505 3444 673 3535 loquendi
694 3450 729 3512 et
756 3443 985 3512 abiectionem
1016 3444 1220 3512 romovendi
1252 3445 1460 3513 occasionem
1487 3445 1595 3536 capit,
1621 3445 1665 3512 ad
1694 3446 1833 3513 tacitam

507 3552 716 3620 ludaeorum
731 3550 979 3638 cogitationem
995 3551 1093 3642 quasi
1106 3551 1282 3642 respondit
1299 3573 1307 3620 ;
1322 3550 1493 3641 nuuiquict
1510 3574 1639 3643 aquom
1656 3551 1735 3642 quis
1750 3574 1833 3643 pro-

508 3655 624 3725 hibere
635 3668 764 3748 potest,
787 3668 909 3724 utnon
923 3656 1141 3747 baptizentur·
1155 3657 1193 3725 ti
1201 3657 1265 3748 qui
1275 3657 1442 3748 Spu-itron
1455 3673 1612 3725 setectum
1626 3670 1836 3748 acceperunt

507 3763 598 3831 sicut
614 3775 646 3831 et
660 3765 752 3831 nos?
767 3762 907 3831 attende
921 3761 990 3831 dici
1004 3762 1091 3832 sicut
1107 3771 1141 3831 et
1155 3787 1231 3846 nos3
1250 3763 1350 3853 proin
1363 3764 1456 3854 loqui
1475 3764 1618 3851 linguis,
1636 3787 1706 3855 quo
1728 3763 1764 3832 in
1786 3765 1835 3832 cis

507 3869 656 3961 Spiritus
679 3868 931 3954 manifestatur,
958 3855 1113 3939 eiusdem
1135 3860 1277 3939 rationis
1305 3893 1374 3939 esse
1399 3870 1591 3939 affirmatur·
1611 3877 1715 3961 atquc
1740 3869 1833 3960 apud

510 3975 683 4067 apostolos
697 3981 733 4043 et
754 3974 942 4065 discipulos
957 3981 1014 4058 2,ss
1030 3996 1102 4067 seq.

556 4086 633 4171 lpse
653 4086 772 4148 autem
794 4080 961 4171 loquendi
981 4081 1094 4149 forma
1124 4082 1315 4149 ostenditur
1341 4088 1476 4150 Petrum
1500 4083 1586 4150 haec
1608 4082 1687 4150 ideo
1709 4082 1834 4151 dixisse

510 4191 654 4256 utente
682 4191 868 4276 occuparet
894 4187 989 4277 quod
1017 4186 1157 4256 videbat
1186 4189 1329 4256 ludaeos
1360 4189 1576 4279 oppositurus
1607 4191 1749 4258 fortasse
1780 4190 1835 4258 vel

511 4293 739 4382 cogitaturos,
753 4292 852 4360 nefas
874 4314 947 4361 csse
967 4291 1054 4361 alios
1069 4317 1109 4362 ex
1132 4293 1201 4362 alia
1219 4302 1323 4384 atque
1344 4318 1382 4361 ex
1406 4295 1562 4385 ipsorum
1576 4302 1680 4383 gente
1701 4296 1834 4364 Christo

509 4399 642 4469 initiari
659 4400 772 4488 (Patr.
788 4397 866 4468 sim.
888 4398 980 4468 Beel.
1009 4399 1147 4491 outa).
1174 4405 1288 4492 Neque
1314 4400 1426 4469 dixit:
1451 4424 1612 4491 quorsum
1640 4424 1731 4493 aqua
1750 4425 1836 4493 opus

511 4511 578 4587 est,
594 4527 674 4573 cum
688 4505 929 4595 supervenerit
945 4504 984 4573 in
998 4527 1055 4573 eos
1066 4504 1212 4596 Spiritus
1230 4513 1365 4575 sanctus
1378 4510 1393 4573 ·?
1410 4514 1551 4575 noverat
1562 4509 1675 4592 enim,
1693 4508 1787 4600 qnod
1800 4508 1837 4576 in

511 4633 603 4702 aqua
615 4611 872 4702 complerentur
890 4609 1007 4680 divina
1028 4611 1129 4700 signa
1151 4612 1325 4703 (esstote),
1344 4635 1467 4704 nempe
1483 4638 1576 4683 mors
1595 4625 1629 4684 ct
1645 4615 1834 4707 sepultura,

512 4717 718 4800 resurrectio
731 4723 766 4785 et
776 4718 848 4785 vita
861 4716 956 4808 (Oec.
976 4718 1020 4786 cf.
1037 4721 1134 4785 Rom.
1157 4719 1280 4808 att-r).
1299 4724 1406 4798 Quare
1425 4721 1497 4789 sinc
1511 4722 1584 4790 ulla
1606 4744 1704 4791 mora
1725 4722 1837 4813 reipsa

513 4821 663 4893 ostendit
679 4827 801 4891 Petrus
819 4824 887 4891 sibi
900 4823 970 4893 iam
987 4844 1056 4894 esse
1070 4832 1285 4917 perspectum
1302 4834 1418 4916 gentes
1436 4829 1632 4898 immediate
1651 4828 1695 4898 ad
1719 4830 1837 4899 omnia
