4154 5452
1072 353 1141 398 Αοτ.
1164 338 1298 409 tutat.
1791 332 1849 394 107

525 496 601 558 308.
630 496 695 559 333
724 487 827 566 etc.l;
857 487 929 553 imo
957 485 1144 553 traditione
1173 485 1360 553 christiana
1391 483 1499 552 lemur
1532 482 1638 550 fidem
1667 484 1847 577 adoptasse

526 589 753 688 (ctPltotius,
767 591 844 660 cod.
865 599 945 677 1713
961 596 1010 661 M.
1030 600 1191 678 1⁰3,501;
1210 593 1359 674 Gelmet,
1376 589 1517 659 Dictiou.
1534 589 1622 657 bibl.
1634 611 1661 655 s.
1677 589 1740 678 n),
1758 612 1847 681 quae

519 703 657 771 traditio
671 698 859 767 referturiu
871 701 1178 789 Rccognitiouibus
1190 698 1406 769 clementinis
1418 699 1529 787 (lue,
1548 700 1597 765 M.
1617 701 1741 779 alata
1754 699 1843 786 seq.)

516 818 554 896 et
575 809 610 873 iu
637 804 782 896 epistola
804 808 945 876 Luciani
969 808 1080 898 (cuius
1105 806 1309 874 mentionem
1338 806 1421 873 lacit
1444 804 1600 896 saepius,
1619 803 1669 870 uti
1692 802 1843 883 videtur,

520 911 745 1000 Augustinus3
763 914 807 982 ci.
824 916 872 981 Μ.
901 919 1025 997 t1,807
1044 912 1116 1004 seq.
1134 919 1169 981 et
1188 935 1292 1003 quam
1314 912 1511 980 Gennadius
1524 931 1672 1001 quoque
1696 929 1848 975 commo·

386 1010 389 1015 ’
522 1025 648 1102 morat,
668 1020 888 1111 descriptor.
916 1019 1036 1088 eccles.
1054 1026 1115 1103 t63
1129 1020 1178 1087 M.
1200 1023 1362 1101 58,108t;
1389 1018 1468 1108 ipsa
1486 1015 1631 1108 epistola
1643 1014 1794 1083 habetur
1809 1014 1846 1081 in

521 1131 613 1193 tomo
637 1133 657 1193 7
676 1132 820 1214 August.
837 1124 862 1192 l.
884 1126 949 1215 c.);
971 1124 1014 1192 de
1037 1124 1191 1215 quodam
1214 1124 1287 1192 eins
1306 1130 1539 1222 monumento¹
1554 1129 1717 1190 narratur
1740 1119 1846 1188 etiam

520 1231 613 1323 apud
633 1232 823 1300 Surenlzus.
840 1231 896 1298 III
903 1253 940 1320 p.
963 1236 1028 1298 art
1048 1254 1086 1300 u.
1108 1238 1167 1314 193
1185 1231 1213 1298 is
1237 1232 1354 1320 itaque
1377 1251 1523 1318 surgens
1543 1230 1582 1296 iu
1603 1229 1662 1296 illo
1687 1249 1845 1295 consessu

522 1337 620 1405 iussit
635 1339 733 1424 sorus
750 1336 800 1403 ud
821 1339 918 1404 breve
931 1336 1085 1404 homines
1114 1335 1176 1418 (ita
1188 1357 1269 1403 sane
1282 1358 1323 1403 ex
1336 1335 1410 1404 aius
1424 1340 1538 1403 mente
1557 1335 1675 1423 legere
1694 1340 1841 1424 oportet,

520 1464 591 1509 nou
605 1442 792 1533 apostolos)
803 1442 892 1532 fieri,
911 1465 955 1510 ne
968 1441 1208 1510 consultationi
1223 1442 1425 1510 interessent
1435 1447 1469 1509 et
1483 1462 1552 1532 quo
1566 1439 1712 1507 liberius
1725 1461 1846 1507 omnes

519 1548 671 1616 dicerent
684 1549 886 1634 sententias,
902 1551 967 1632 vel,
985 1554 1024 1616 ut
1038 1549 1117 1618 θήν.
1131 1555 1262 1630 censet,
1276 1558 1320 1617 ne
1338 1549 1412 1639 ipse
1425 1546 1462 1616 in
1474 1546 1703 1638 suspicionem
1713 1547 1845 1613 veniret

520 1654 613 1744 quod
628 1654 720 1723 idem
736 1677 814 1723 cum
830 1656 899 1723 illis
913 1657 1067 1724 sentiret.
1264 1647 1266 1650 ⁵
1360 1663 1363 1669 ’
1488 1660 1509 1667 ”

563 1761 717 1851 Collegae
742 1761 840 1852 quasi
865 1762 979 1830 ebrios
1007 1763 1123 1830 furore
1152 1761 1340 1853 alloquitur
1369 1759 1482 1852 (cur.)
1506 1784 1539 1830 v.
1565 1765 1608 1829 35
1623 1759 1780 1850 dicitque
1796 1759 1846 1827 od

518 1866 594 1935 illos
611 1888 625 1933 .·
639 1869 706 1936 uiri
718 1867 912 1956 israelitae,
928 1866 1098 1936 attendite
1114 1868 1206 1936 vobis
1219 1864 1524 1959 superheminidus
1539 1866 1615 1934 istis
1629 1864 1719 1957 quid
1730 1867 1846 1934 acturi

517 1974 611 2058 sitis,·
630 1996 675 2041 ne
702 1980 831 2041 temere
850 1974 1055 2042 seutentiam
1080 1975 1323 2066 praecipitent,
1349 1972 1411 2041 sed
1438 1972 1584 2040 sollicite
1602 1969 1839 2063 perpendant,

519 2090 566 2148 ἐπί
589 2096 693 2161 τοῖς...
711 2080 849 2147 videtur
863 2078 1082 2148 referendum
1101 2103 1172 2148 esse
1193 2073 1394 2148 traiectione
1407 2078 1452 2147 ad
1470 2087 1499 2149 τί
1518 2086 1649 2164 μέλλετε
1670 2084 1810 2167 πράσσειν
1832 2101 1840 2148 :

516 2183 657 2277 quidde
672 2187 743 2254 istis
761 2187 885 2254 facturi
898 2187 971 2254 sitis
983 2186 1041 2276 (el.
1058 2186 1150 2255 Beel.
1177 2184 1334 2278 Wendt);
1350 2207 1433 2254 nam
1444 2184 1570 2253 locutio
1581 2190 1723 2275 πράσσειν
1746 2216 1775 2256 τι
1794 2194 1844 2255 ἐπί

518 2324 572 2362 τινι
581 2299 632 2359 est
647 2291 782 2374 usitata,
802 2314 914 2382 neque
925 2299 1043 2361 tamen
1056 2293 1118 2362 illa
1130 2304 1287 2383 πρσσέχσιν
1301 2301 1350 2363 ἐπί
1362 2322 1418 2362 τινι
1421 2312 1438 2379 ,·
1447 2314 1555 2383 quara
1570 2291 1680 2359 altera
1694 2291 1841 2360 lectione

517 2400 702 2489 praebetur
722 2403 780 2468 det
798 2411 899 2469 τῶν...
919 2406 1036 2468 cavete
1057 2399 1155 2468 vobis
1175 2399 1220 2467 ab
1239 2400 1329 2484 istis,
1345 2420 1434 2489 quae
1446 2404 1562 2466 tamen
1576 2398 1671 2466 notio
1685 2398 1743 2467 hic
1760 2405 1842 2489 apta

517 2513 655 2573 nonest
678 2510 688 2593 l
709 2507 733 2572 f.
759 2528 793 2573 v.
815 2506 885 2594 38).
911 2510 979 2574 Cur
1003 2506 1121 2596 itaque
1146 2529 1201 2573 res
1228 2527 1301 2573 non
1320 2504 1436 2573 statim
1455 2502 1674 2572 decernenda
1696 2506 1755 2586 sit,
1780 2504 1839 2572 sed

516 2611 802 2701 exspectandum,
815 2615 1034 2702 prosequitur
1048 2635 1080 2682 v.
1096 2619 1138 2680 36
1147 2624 1227 2680 ante
1236 2610 1296 2679 laos
1306 2611 1398 2678 enim
1409 2610 1481 2678 dies
1495 2609 1628 2677 exstitit
1640 2614 1748 2695 ἀνέστη
1762 2633 1839 2678 sur·

517 2716 614 2796 rexit,
632 2717 681 2784 uti
694 2717 820 2784 dieitur
830 2715 873 2784 de
886 2718 1070 2804 iudicibus,
1085 2718 1237 2807 regibus,
1251 2716 1430 2810 prophetis
1440 2717 1524 2809 (etp,
1546 2715 1621 2784 lud.
1636 2722 1706 2802 t,9.
1723 2723 1744 2783 2
1759 2720 1836 2787 Par.

517 2830 607 2905 u,10.
628 2831 644 2891 1
661 2825 768 2891 llach.
789 2824 903 2914 retr)
922 2824 1073 2892 l'lzcodus
1088 2824 1202 2893 dicens
1214 2847 1250 2892 se
1261 2847 1330 2893 esse
1345 2822 1509 2914 aliquem,
1526 2846 1562 2892 se
1577 2844 1648 2891 esse
1662 2823 1839 2912 quendam

517 2951 684 3018 magnum
704 2930 790 3019 (gig,
814 2961 908 3018 μεγαν
928 2932 983 3020 u);
1005 2932 1048 2999 cl.
1070 2936 1141 3015 8,5,
1163 2931 1221 3000 cui
1238 2930 1411 2999 consensit
1423 2952 1588 2998 numeram
1601 2929 1756 2997 virorum
1774 2931 1839 2997 cir-

516 3034 599 3102 citu·
616 3036 947 3126 qrcadriuqentorum
960 3046 1142 3127 πρσσεπλίθη
1156 3059 1227 3106 sese
1239 3038 1498 3129 applicueruut3
1514 3037 1558 3103 cf.
1573 3043 1594 3104 2
1609 3036 1716 3105 llach.
1736 3042 1837 3118 leat

516 3151 602 3230 [erat
623 3145 697 3209 viro
717 3143 916 3225 inclinatus,
939 3143 1063 3234 vulga),
1081 3144 1145 3234 qui
1164 3143 1293 3211 occisus
1312 3155 1411 3211 estet
1433 3142 1629 3234 omnesqui
1653 3142 1838 3211 credebant

515 3249 559 3329 ei,
576 3248 733 3337 dissipati
750 3262 831 3316 sceret
848 3263 881 3317 ct
895 3248 1028 3318 reducti
1046 3248 1095 3317 ad
1116 3249 1265 3318 rutilum
1271 3269 1287 3337 ,⁰
1317 3249 1454 3318 videtur
1467 3249 1556 3317 velle
1577 3249 1748 3340 explicare
1772 3249 1837 3318 hoc

515 3356 670 3445 exeurplo
697 3378 705 3421 :
722 3384 738 3417 «
755 3356 783 3422 si
797 3377 916 3423 necem
928 3357 1084 3424 inferatis
1097 3357 1178 3423 viris
1198 3357 1286 3440 istis,
1302 3353 1404 3423 facile
1424 3353 1500 3424 lieri
1513 3361 1644 3447 potest,
1665 3362 1703 3424 ut
1718 3361 1838 3424 contra

516 3483 574 3527 vos
589 3461 754 3529 tumultus
775 3462 948 3529 exoriatur
972 3463 1009 3529 in
1025 3462 1128 3548 urbe,
1151 3484 1229 3530 eum
1245 3461 1518 3551 lerosolymitaui
1537 3483 1594 3530 eos
1619 3461 1741 3550 magni
1763 3485 1838 3552 pas·

516 3567 579 3633 sim
601 3569 745 3647 iaciant,
772 3569 888 3658 itaque
913 3568 1100 3637 consultius
1113 3574 1162 3636 est
1179 3568 1216 3635 iu
1241 3592 1299 3637 eos
1321 3591 1394 3637 non
1414 3568 1562 3651 saevire,
1588 3591 1697 3659 eoque
1727 3567 1839 3656 magis

516 3673 606 3762 quod
626 3675 776 3742 recentia
791 3676 947 3766 exempla
961 3674 1153 3743 docueruut
1165 3681 1304 3744 auctore
1319 3680 1462 3744 sectaee
1482 3673 1596 3744 medio
1612 3675 1748 3743 sublato
1766 3697 1839 3743 see·
1881 3695 1893 3718 ⁸

515 3787 640 3846 tatoros
654 3780 750 3847 brevi
770 3803 971 3850 evanescere
991 3809 1007 3842 ν
1033 3781 1165 3872 (decl).
1189 3787 1235 3850 Eo
1258 3781 1392 3850 facilius
1411 3787 1525 3849 autem
1541 3787 1738 3872 exspectare
1763 3804 1839 3872 pos-

514 3893 607 3967 sunt,
628 3886 711 3975 quia
728 3892 837 3953 lesum
854 3895 1027 3956 auctorem
1043 3895 1155 3955 sectae
1172 3887 1242 3956 iam
1257 3911 1276 3956 e
1297 3888 1413 3955 medio
1435 3888 1658 3956 sustulerunt.
1674 3888 1770 3955 ldem
1787 3888 1839 3954 al-

514 3998 586 4058 tero
607 3992 764 4082 exemplo
784 3993 966 4083 persuadet
991 4016 1025 4063 v.
1044 4000 1087 4061 37
1110 3993 1293 4083 posthunc
1316 3993 1447 4061 exstitit
1465 3992 1572 4061 laedar
1594 3993 1773 4061 Galileeus
1800 3994 1838 4061 ia

514 4096 632 4165 (liebus
643 4098 870 4189 professionis
889 4119 943 4184 τῆς
965 4103 1141 4189 ἁπσγρνιρῇς
1164 4105 1318 4191 tempore
1335 4121 1456 4168 census
1474 4112 1506 4168 et
1527 4099 1652 4167 avertit
1664 4100 1838 4193 popellum

508 4218 588 4294 post
611 4229 659 4288 se,
686 4218 719 4273 ct
743 4205 814 4297 ipsc
830 4205 937 4296 periit
962 4218 994 4272 et
1019 4198 1155 4293 omnes,
1169 4218 1339 4298 quotquot
1364 4219 1610 4275 consenserunt
1626 4207 1673 4295 ei,
1692 4207 1838 4299 dispcrsi

515 4324 610 4395 siritu
626 4312 747 4380 avertit
762 4312 930 4404 populum
945 4314 990 4380 ab
1005 4312 1201 4381 obedientia
1215 4318 1450 4383 Romanorum
1466 4321 1498 4382 et
1513 4314 1605 4382 adse
1620 4315 1836 4405 sequendum

516 4416 664 4510 impulit.

556 4644 598 4703 De
613 4641 764 4725 hocluda
778 4641 927 4725 Iosephus
941 4614 1073 4724 quoque
1088 4644 1199 4720 retert;
1216 4649 1283 4707 erat
1297 4644 1325 4705 is
1340 4660 1378 4706 ex
1391 4644 1512 4725 oppido
1528 4644 1668 4713 Gamalis
1689 4644 1837 4706 Gaulani-

514 4744 561 4801 tes
584 4741 702 4819 (Antiq.
724 4741 857 4821 18,1,t),
878 4759 974 4821 quem
998 4747 1108 4832 tamen
1128 4742 1198 4823 ipse
1215 4740 1366 4825 Iosephus
1386 4742 1482 4805 etiam
1502 4741 1678 4805 Galilaeum
1697 4744 1838 4823 appellat
