4054 5442
277 293 337 352 454
811 342 813 347 .
838 310 904 356 scr.
928 295 1029 369 2831.

274 446 396 530 ageret
413 440 513 531 (Nero
538 446 607 533 15).
624 445 718 513 Unde
745 445 773 511 si
795 452 1003 514 accusatores
1021 445 1116 512 Pauli
1140 442 1250 511 multe
1273 448 1309 511 et
1328 444 1425 512 varia
1443 444 1602 535 profere-

276 547 377 631 bant,
394 547 587 639 disquisitio
600 551 645 618 ad
659 549 805 617 multum
819 558 952 641 tempus
966 551 1122 641 protrahi
1138 555 1290 641 poterat,
1308 549 1421 617 donec
1432 550 1603 618 continua

274 655 410 721 actione
425 657 550 724 omissa
562 655 700 743 singula
713 677 868 745 quaeque
894 681 955 747 per
968 658 1127 744 longiora
1140 656 1328 725 intervalla
1339 661 1603 746 pertractaren-

272 765 342 828 tur.
357 767 512 829 Ceterum
532 762 606 828 fieri
628 784 765 851 quoque
786 770 935 852 poterat,
962 771 999 831 ut
1021 763 1138 853 plures
1161 763 1250 830 aliae
1272 762 1530 854 appellationes
1554 761 1602 829 ad

273 871 450 934 Caesarem
474 872 554 934 autc
574 866 670 934 illam
697 868 791 935 Pauli
815 868 924 936 factae
948 870 1043 958 prius
1069 868 1327 958 expedirentur
1358 873 1506 958 lusuper
1537 870 1601 936 etsi

274 972 362 1040 nulli
373 978 590 1050 accusatores
603 979 723 1040 contra
741 974 883 1041 Paulum
896 974 1044 1060 agebant
1061 980 1095 1042 et
1114 980 1189 1041 tota
1204 995 1310 1042 causa
1323 997 1365 1041 ex
1381 972 1470 1041 Festi
1485 973 1601 1060 elogio

274 1076 498 1158 tractabatur,
514 1082 630 1145 tamen
644 1077 686 1147 de
698 1078 860 1148 dilatione
879 1101 946 1146 uon
960 1086 1010 1147 est
1023 1103 1084 1149 cur
1099 1080 1175 1172 quis
1190 1079 1345 1148 miretur.
1364 1085 1501 1147 Names
1516 1083 1602 1146 lose·

275 1185 344 1274 pho
360 1205 497 1273 quoque
509 1182 671 1252 discimus
679 1185 1042 1277 sacerdotesquosdam
1058 1186 1199 1254 aFelice
1213 1192 1439 1276 procuratore
1451 1185 1598 1253 iudaeae
1642 1189 1648 1196 ’

276 1295 416 1359 Romam
432 1311 503 1358 esse
516 1289 635 1359 missos
648 1314 785 1360 causam
799 1314 895 1361 suam
908 1292 999 1382 apud
1013 1295 1189 1361 Gaesarem
1202 1292 1370 1372 dicturos3
1387 1291 1442 1358 his
1455 1291 1599 1359 tandem

274 1396 437 1485 losephus
449 1418 551 1486 opem
563 1396 659 1480 tulit,
673 1419 751 1465 cum
765 1398 842 1490 ipse
853 1420 959 1465 annos
977 1404 1075 1465 uatus
1089 1404 1133 1465 26
1148 1397 1264 1488 (proin
1283 1422 1314 1465 c.
1340 1403 1444 1467 tit-tt
1461 1420 1497 1488 p.
1518 1398 1599 1486 uh.)

274 1502 341 1568 iter
354 1522 536 1570 romanum
549 1504 747 1571 instituisset
763 1511 797 1571 et
811 1526 846 1571 se
858 1504 894 1570 in
910 1503 1097 1581 amicitiam
1111 1503 1236 1571 Alituri
1256 1504 1356 1572 mimi
1369 1506 1596 1581 insinuasset;
1702 1540 1707 1547 ·

273 1607 326 1674 illi
341 1628 425 1695 ergo
444 1608 634 1677 sacerdotes
655 1609 756 1677 etiam
774 1608 900 1677 diutius
921 1609 966 1676 ob
987 1609 1125 1699 culpam
1142 1609 1256 1677 levem
1270 1611 1308 1676 in
1327 1608 1485 1677 custodia
1501 1614 1600 1676 teue-

275 1713 403 1781 bautur
419 1720 453 1781 et
470 1717 715 1783 remansissent
736 1715 839 1784 etium
859 1715 1003 1797 diutius,
1028 1717 1094 1783 uisi
1118 1717 1281 1805 Iosephus
1304 1713 1400 1805 apud
1427 1718 1596 1781 Neronem

274 1840 338 1909 ope
363 1818 456 1886 illius
471 1821 567 1888 mimi
590 1829 623 1888 et
641 1827 816 1912 Poppaeae
841 1822 953 1889 uxoris
974 1822 1116 1890 Neronis
1135 1826 1175 1889 ut
1196 1821 1415 1890 solverentur
1430 1821 1501 1887 suis
1518 1841 1595 1909 pre·

274 1924 371 1993 cibus
386 1924 599 2016 impetrasset
615 1927 702 2017 (Vita
715 1928 762 2016 3).
