4154 5452
857 334 927 382 aer.
944 320 1012 393 ,9,1.

540 559 565 630 ς)
582 560 677 614 saun
691 539 866 612 convenio
885 558 919 607 ιι
932 554 1034 618 primi
1049 534 1190 605 ιιιὲοινι
1205 551 1330 618 arao.

715 712 742 775 α)
752 680 822 760 Vinio
836 723 912 771 prope
925 709 1074 758 Mmascuru
1084 710 1157 770 ais.

309 853 368 915 9‚t.
404 852 507 903 Saulus
543 854 638 899 autem
674 847 766 897 adhuc
803 847 913 911 spirans
986 845 1044 908 ai.
1068 840 1099 895 ‘0
1122 841 1150 896 et
1173 840 1271 902 Σαῦλος
1293 839 1331 892 έτι
1355 838 1469 911 ἐμπνέων
1496 836 1600 903 ἀπειλῆς

269 942 412 994 minarum
427 943 455 990 et
470 936 564 988 caedis
581 936 611 985 in
625 934 778 999 discipulos
789 935 912 997 Dominl,
950 929 994 984 sai
1020 929 1099 1002 ρένου
1128 927 1161 991 εἰς
1192 927 1251 988 aab:
1283 926 1397 999 μαθητᾶς
1422 931 1467 981 τοῦ
1495 926 1597 998 licploa,

265 1028 391 1081 accessit
421 1025 457 1075 ad
482 1025 638 1088 principem
658 1023 855 1085 sacerdotum,
884 1023 911 1073 t.
949 1016 1095 1090 προσελθὼν
1123 1021 1162 1088 τῷ
1189 1015 1316 1089 έρχιιριῖ,
1347 1018 1373 1069 l.
1402 1013 1513 1087 ᾐτήσατο
1537 1012 1599 1086 παρ’

265 1116 307 1168 ·Εέ
328 1115 409 1178 petiit
434 1113 470 1164 ab
489 1126 524 1166 co
545 1113 679 1179 epistolas
697 1114 727 1164 lu
746 1113 914 1164 Damascum
950 1104 1028 1160 abacti
1060 1101 1193 1167 ἐπιστολὰς
1226 1101 1261 1166 εἰς
1292 1102 1429 1175 Δαμασκὸν
1466 1102 1526 1173 πρὸς
1556 1102 1600 1166 τὰς

271 1203 307 1254 ad
332 1214 509 1266 synagogam·
538 1187 570 1253 ut
596 1203 622 1254 si
653 1214 725 1267 quos
758 1200 915 1252 invenisset
949 1192 1111 1266 συναγωγᾶς.
1133 1194 1202 1256 ὅπως
1225 1190 1269 1245 tec
1294 1210 1363 1255 τινας
1386 1189 1445 1265 εὕρῃ
1469 1195 1513 1257 τῆς
1539 1191 1599 1243 ὁδοῦ

271 1291 357 1341 huius
369 1291 436 1343 viae
450 1291 573 1342 virosae
585 1289 717 1341 malimus
730 1290 839 1340 vinctos
852 1300 913 1353 pcr-
949 1281 1023 1345 έντας
1046 1282 1138 1354 ἄνδρας
1164 1299 1191 1334 τε
1217 1280 1261 1333 ael
1290 1281 1431 1352 γνναῖιιιις,
1455 1279 1600 1350 δεδεμένους

272 1377 386 1430 duceret
409 1380 439 1429 in
462 1379 630 1441 Ierusalem,
651 1376 677 1429 t.
701 1377 736 1428 iit
757 1390 843 1442 quum
861 1377 915 1428 tter
949 1369 1034 1445 ἀγάγῃ
1063 1368 1098 1433 εἰς
1130 1366 1310 1443 Ἰερουσαλήμ.
1337 1372 1365 1424 3.
1390 1367 1416 1441 έν
1442 1367 1470 1422 δέ
1496 1373 1532 1440 τῷ
1554 1387 1599 1422 το-

264 1465 390 1529 iaceret,
412 1466 532 1531 contigit
550 1472 582 1517 ut
600 1466 838 1530 appropinquaret
856 1464 914 1515 Da·
949 1460 1061 1530 ριέιαθαι
1084 1455 1185 1530 έγένιτο
1210 1455 1287 1510 adsis
1317 1456 1428 1526 έγγέζειν
1451 1460 1482 1529 τῇ
1511 1457 1599 1527 Δαμα-

272 1566 381 1616 masco3
411 1560 439 1605 et
462 1553 557 1605 subito
577 1552 760 1605 circumfulsit
780 1564 845 1604 sum
865 1554 914 1603 lux
949 1552 1017 1619 sati,
1038 1544 1155 1618 έΕαέρνης
1185 1564 1214 1600 τι
1242 1544 1318 1600 ababa
1344 1543 1523 1616 περιήστραψεν
1550 1550 1601 1615 ρῶς

273 1644 308 1695 de
327 1642 416 1693 coelo.
436 1641 460 1692 t.
487 1640 522 1692 Et
545 1641 649 1693 cadens
667 1643 697 1692 in
716 1648 819 1693 terram
831 1640 913 1692 audi·
949 1635 977 1690 ht
1010 1639 1056 1689 τοῦ
1081 1633 1200 1706 οὖρανοῦ·
1227 1637 1254 1689 l.
1287 1632 1332 1709 sai
1362 1633 1447 1686 πεσὼν
1481 1632 1523 1687 ἰπὶ
1552 1631 1598 1699 τήν

273 1732 313 1780 rit
333 1742 430 1780 vocem
445 1729 584 1780 dicentem
599 1729 677 1780 sibi:
697 1728 797 1792 Saule,
811 1724 911 1791 Saule,
949 1727 998 1796 γῆν
1022 1721 1128 1790 iacente
1149 1719 1236 1795 ρωνῆν
1256 1721 1382 1795 λέγουσιν
1400 1721 1477 1794 αὐτῷ,
1497 1720 1597 1792 Σαοὺλ,
1628 1744 1632 1749 ·

274 1817 341 1882 quid
356 1829 401 1867 me
415 1816 611 1882 persequeris?
624 1819 651 1868 5.
667 1818 723 1878 Qu
736 1817 806 1869 dixit
820 1830 828 1867 z
844 1818 913 1878 Quis
948 1806 1046 1876 Σὲοὶιλ,
1066 1811 1092 1866 τέ
1109 1830 1141 1884 με
1159 1811 1270 1877 bubum
1292 1815 1319 1866 5.
1341 1807 1411 1864 εἶπεν
1431 1807 1472 1879 δὲ,
1492 1810 1538 1872 Tu
1556 1807 1596 1875 εἶ,

274 1917 319 1967 es,
345 1906 482 1957 Domine?
501 1904 537 1956 Et
560 1906 609 1957 ille
631 1918 638 1954 ε
662 1905 723 1969 Ego
746 1919 809 1957 sum
834 1905 913 1957 lesus
950 1899 1035 1973 Κύμη
1064 1899 1079 1954 6
1108 1899 1152 1967 et,
1168 1897 1260 1983 ‚W
1294 1897 1347 1972 εἰμι
1375 1899 1471 1967 Ἰησοῦς
1505 1900 1535 1951 ὃν
1567 1898 1597 1951 ot
1696 1916 1705 1923 ·

274 2006 357 2058 quem
385 2000 415 2044 tu
448 1996 637 2058 persequeris.
663 1993 769 2045 Durum
793 1998 837 2047 est
862 1994 913 2045 tibi
948 1989 1054 2052 διώκεις·
1081 1987 1200 2061 (alapis
1231 2007 1273 2041 σοι
1302 1987 1363 2059 πρὸς
1393 1989 1483 2059 κέντρα
1507 1986 1596 2041 λωιτέ-

273 2085 371 2133 contra
393 2082 538 2133 stimulum
559 2078 717 2134 calcitrare.
742 2081 769 2133 6.
794 2081 829 2133 iit
854 2085 913 2133 tre·
947 2080 1011 2141 ζιιν.
1043 2080 1070 2133 6.
1104 2076 1203 2150 τρέμων
1236 2095 1264 2131 τε
1296 2074 1341 2129 sai
1376 2076 1481 2149 θαμὸῶν
1513 2073 1594 2142 εἶπεν,

273 2182 354 2222 mens
367 2182 401 2221 ac
414 2176 532 2234 stupens
540 2168 773 2233 Χ(έίιιίέτῦοιιιέιιιι,
786 2169 853 2235 quid
867 2182 912 2221 me
949 2166 1036 2238 ilipa,
1060 2166 1086 2220 τέ
1109 2185 1141 2238 μι
1168 2165 1248 2227 θέλεις
1270 2168 1390 2234 mnae
1410 2165 1453 2217 καὶ
1473 2163 1488 2217 ὁ
1512 2163 1598 2235 Κύριος

273 2260 316 2309 ris
339 2257 449 2311 lacere?
469 2259 503 2309 i.
534 2257 569 2309 Et
594 2260 732 2310 Dominus
752 2258 791 2310 ad
814 2271 879 2310 eum
903 2272 910 2309 ε
947 2254 1009 2326 τρέε
1031 2252 1116 2326 abda)
1141 2252 1211 2308 aim
1235 2248 1360 2322 ἀνάστηθι
1383 2253 1426 2307 καὶ
1444 2250 1541 2306 clarite
1564 2252 1597 2314 εἰς

275 2344 380 2410 Surge,
409 2350 437 2398 et
462 2346 611 2410 ingredere
638 2347 794 2410 dutatem,
820 2350 848 2399 st
873 2347 913 2398 lbi
948 2340 994 2410 τὴν
1023 2342 1113 2410 πόλιν,
1146 2342 1191 2398 aui
1220 2341 1403 2410 λαληθήσεταές
1427 2361 1467 2396 τοι
1497 2342 1538 2394 ὅτι
1567 2360 1595 2396 σε

269 2433 382 2489 dicetur
396 2435 447 2485 tibi
461 2435 529 2500 quid
544 2442 571 2487 te
586 2441 715 2499 operteat
733 2433 837 2487 iacere.
852 2435 913 2486 virt
948 2431 991 2485 tat
1013 2435 1108 2487 nouis.
1129 2436 1157 2487 7.
1181 2431 1207 2485 οἱ
1234 2431 1262 2484 δε
1282 2430 1371 2502 depe
1395 2429 1421 2483 oi
1449 2429 1596 2483 ἀννοδεὺνν·

267 2523 421 2574 autemilll
436 2524 484 2587 qul
499 2524 705 2577 comitabantur
716 2536 780 2574 cum
793 2535 838 2586 eo,
854 2528 921 2596 sta-3
948 2538 987 2583 τις
1022 2519 1093 2591 αὐτῷ
1138 2518 1296 2587 sicutissime
1342 2517 1423 2592 isaei,
1467 2518 1598 2582 ἀκούοντες

273 2612 340 2662 bant
366 2610 540 2676 stupefacti„
553 2611 700 2664 audientes
723 2611 835 2676 quidem
861 2625 913 2663 so-
947 2608 993 2682 μέν
1024 2611 1069 2676 τῆς
1103 2610 1202 2679 φωνῆς,
1237 2608 1333 2679 μηδένα
1371 2607 1398 2661 u
1434 2609 1593 2678 θεωροῦντες.

274 2711 348 2760 cem,
366 2700 508 2750 neminem
528 2684 623 2753 autem
644 2700 781 2754 videntes.
800 2700 825 2751 8.
844 2701 912 2752 Sur·
949 2701 975 2752 8.
1017 2693 1110 2768 ἠγέρθη
1157 2694 1185 2750 δέ
1227 2695 1325 2758 Σαῦλος
1367 2695 1417 2751 dni
1458 2699 1502 2763 τῆς
1538 2699 1593 2767 γῆς·

274 2788 346 2838 rexit
365 2795 459 2838 autem
477 2786 580 2839 Saulus
594 2789 630 2840 de
649 2796 738 2848 terra,
754 2791 912 2854 apertisque
948 2784 1114 2858 ἀνεῳγμένων
1157 2783 1185 2838 a
1227 2790 1280 2838 τῶν
1323 2783 1462 2858 ὀφθαλμῶν
1503 2784 1593 2851 αὺτοῦ,

275 2874 363 2924 oculis
392 2876 462 2925 nihii
484 2876 606 2927 videbat.
631 2876 674 2928 Ad
698 2889 798 2928 manus
818 2882 912 2929 autem
948 2872 1022 2927 eills
1053 2872 1170 2938 έΰλιιιεν,
1209 2877 1425 2945 χιιραγωγοῦντις
1462 2872 1489 2926 δὲ
1520 2873 1595 2927 αὺτὸν

276 2963 352 3012 illum
383 2964 541 3028 trahentes,
571 2964 785 3017 introduxerunt
813 2965 912 3017 Dama·
948 2960 1083 3034 εἰσήγαγον
1112 2960 1146 3025 rig
1172 2962 1320 3033 Δαμασκόν.
1349 2966 1376 3017 9.
1404 2962 1446 3016 καὶ
1472 2957 1488 3029 ἦ
1533 2959 1595 3032 ipi-

275 3064 363 3101 scum.
385 3052 410 3102 9.
437 3051 472 3103 Et
492 3060 556 3104 erat
569 3053 609 3104 lbi
623 3053 711 3105 tribus
732 3054 832 3107 diebus
854 3067 912 3106 non
946 3070 988 3124 ρας
1013 3052 1080 3123 τρεῖς
1102 3048 1137 3123 μὴ
1163 3050 1274 3122 βλέπων,
1295 3049 1339 3104 aul
1360 3049 1406 3104 cia
1431 3050 1521 3123 έραγεν
1541 3048 1598 3104 obet

274 3138 388 3202 videns,
404 3146 433 3192 et
447 3153 505 3192 non
519 3141 699 3194 manducavit
714 3155 804 3209 neque
818 3142 896 3194 bibit.
946 3138 1023 3194 έιιιιν.
1217 3124 1222 3132 ’

309 3299 341 3349 ln
355 3313 381 3349 ν.
400 3303 414 3350 5
431 3302 537 3352 habent
549 3298 658 3369 σκληρον
669 3317 710 3351 σοι
722 3303 798 3354 ethi
818 3302 875 3354 iso.
889 3302 948 3354 Occ
958 3302 1076 3368 ‘theoph
1088 3314 1136 3366 syr
1147 3304 1187 3367 ph
1201 3302 1230 3353 ν·
1243 3303 1315 3368 vulg
1329 3303 1349 3354 ll
1363 3305 1414 3369 gig
1426 3303 1521 3364 Lucit;
1537 3317 1565 3355 v.
1582 3303 1597 3354 a

274 3388 392 3439 habetur
404 3392 432 3438 in
448 3390 506 3441 occ
520 3391 636 3454 Tlieoph
650 3391 688 3455 pb
703 3391 770 3456 vulg
783 3391 803 3442 ll
818 3390 864 3441 llll
877 3393 952 3443 aeth.
966 3391 1000 3443 ln
1013 3404 1040 3442 v.
1056 3391 1072 3442 7
1086 3393 1137 3456 gig
1148 3393 1293 3443 neminem
1311 3392 1440 3444 videntes
1454 3405 1519 3444 cum
1539 3405 1598 3457 quo

274 3471 446 3541 loqueretur,
467 3480 535 3530 item
554 3479 573 3530 ss
579 3493 587 3541 ;
608 3480 660 3530 sah
679 3479 828 3533 audiebant
846 3480 959 3543 quidem
982 3491 1080 3532 vocem
1102 3479 1154 3532 sed
1174 3493 1233 3531 nen
1254 3481 1463 3545 intelligebant.
1483 3482 1515 3532 ln
1534 3494 1559 3531 ι·.
1581 3482 1596 3532 8

274 3563 343 3616 auita
358 3566 423 3621 Μ·
436 3568 457 3618 Β
470 3581 487 3619 e
501 3581 548 3632 syr
562 3569 600 3633 pb
615 3569 683 3632 vulg
695 3570 745 3633 gig
756 3570 821 3628 sah;
838 3569 865 3618 al
878 3564 975 3622 ωδινα.

317 3723 482 3790 ilirantur
499 3724 607 3815 aliqui
629 3724 739 3792 critici
759 3723 853 3815 quod
871 3743 964 3793 nunc
976 3744 1089 3792 sermo
1102 3723 1275 3791 inferatur
1292 3722 1336 3791 de
1350 3702 1512 3793 lidelibus
1530 3731 1596 3793 ita-

276 3832 381 3895 masci
405 3830 709 3915 commorantibus,
721 3851 800 3898 cum
819 3852 860 3898 es
874 3829 917 3897 de
937 3850 974 3897 re
988 3828 1027 3896 in
1040 3828 1326 3897 antecedentibus
1344 3830 1433 3898 nihil
1448 3831 1591 3913 dicatur,

273 3934 382 4002 immo
397 3934 434 4002 id
445 3936 657 4020 excludatur,
673 3938 754 4028 quia
767 3944 821 4020 8,1
836 3936 944 4005 solum
960 3925 1022 4027 per
1036 3937 1195 4023 regiones
1209 3935 1358 4005 iudaeae
1373 3944 1408 4005 et
1422 3940 1596 4005 Samariae

274 4048 308 4108 et
329 4048 428 4126 ii,iti
454 4065 560 4134 usque
584 4044 791 4128 Phoenicen,
809 4047 974 4135 Cyprum,
990 4042 1209 4110 Antiochiam
1225 4041 1346 4112 fideles
1360 4043 1505 4134 dispersi
1520 4066 1597 4133 pcr-

276 4148 541 4218 ambulaverint.
566 4156 676 4229 Quare
699 4150 797 4242 Hilq.
821 4152 885 4217 hoc
903 4148 978 4218 loco
996 4151 1124 4217 iterum
1145 4149 1253 4217 alium
1272 4149 1457 4240 tentanti.
1479 4173 1510 4217 c.
1528 4157 1597 4217 ter-

239 4338 247 4351 Ι
275 4254 374 4345 tium)
401 4256 485 4325 dicit
505 4279 527 4325 a
549 4261 637 4326 Luca
657 4258 807 4350 excerpi,
823 4258 907 4347 quia
920 4255 1015 4347 quod
1030 4255 1101 4324 iam
1115 4262 1279 4324 narratur
1294 4277 1374 4323 eum
1392 4256 1595 4325 anteceden-

276 4361 367 4430 tibus
387 4365 549 4453 eomponi
569 4372 720 4455 nequeat
737 4365 783 4456 (p.
801 4364 892 4448 tat).
910 4368 1034 4432 Verum
1045 4362 1140 4433 acuti
1154 4361 1315 4430 homines
1330 4384 1401 4429 non
1415 4363 1598 4431 attendunt

276 4467 311 4535 id
333 4469 427 4558 quod
450 4470 520 4540 iam
542 4476 599 4553 2,5
620 4493 693 4562 seq.
718 4477 893 4540 narratum
917 4477 978 4539 est.
1004 4470 1158 4538 Aderant
1177 4467 1234 4537 die
1251 4475 1467 4560 pentecostes
1482 4470 1596 4538 ludaei

276 4581 310 4641 ei
332 4578 494 4668 proselyti
515 4600 556 4647 ex
580 4578 683 4646 variis
704 4577 918 4667 regionibus3
942 4578 1008 4645 tria
1029 4576 1139 4645 millia
1163 4579 1238 4644 iesu
1260 4596 1389 4643 nomen
1408 4575 1591 4658 dederunt;

274 4702 358 4748 num
385 4684 422 4751 hi
446 4707 564 4754 omnes
587 4691 686 4753 crant
703 4684 834 4754 incolae
850 4682 1170 4773 hierosolymitani?
1193 4680 1296 4750 multi
1317 4704 1358 4751 ex
1377 4682 1420 4751 iis
1436 4689 1515 4774 post
1533 4683 1595 4749 ali·
