4154 5452
131 341 136 351 ·
172 388 175 395 ,
244 320 313 389 :roa
782 336 864 413 onr.
888 321 1026 395 aas-ar.

251 470 373 551 (Antiq.
395 472 517 547 18,1,o;
537 473 654 546 20,5,2‚
675 471 752 532 Bell.
774 469 839 532 iud.
855 470 964 549 hild).
985 472 1012 530 ls
1029 487 1103 532 vero
1118 469 1277 547 populum
1297 466 1337 528 ad
1358 464 1571 527 delectionem

245 569 403 654 'incitabat
422 568 533 631 dicens
553 586 650 630 censu
670 568 774 628 afferri
793 567 996 627 manifestam
1016 566 1205 628 servitutem
1225 569 1259 651 et
1275 565 1407 645 ignaros
1426 579 1495 623 esse
1514 562 1571 641 qui

250 666 402 729 Romanis
426 667 583 728 tributum
608 662 747 743 pendere
769 662 964 723 sustinerent
986 666 1019 723 et
1038 665 1112 742 post
1129 662 1230 721 Deum
1249 662 1401 723 mortales
1423 658 1571 720 domInos
1658 711 1662 717 .

247 753 553 845 agnosceremus
576 765 689 821 nactus
713 763 761 819 est
781 762 969 830 sectatores,
992 764 1028 821 ut
1049 755 1199 839 Iosephus
1223 774 1299 819 eum
1320 758 1404 820 dicat
1426 761 1572 838 quartam

246 861 466 923 introduxisse
498 862 620 919 sectam
653 856 788 934 (praeter
819 854 1017 933 pharisaeos,
1053 855 1265 926 sadducaeos,
1301 855 1454 937 essenos),
1490 870 1571 935 quae

247 960 386 1020 maxime
396 972 506 1017 amans
521 954 563 1014 sit
572 952 729 1014 libertatis
744 969 908 1032 unumque
920 954 1022 1015 Deum
1035 969 1094 1031 pro
1106 957 1231 1013 rectore
1245 968 1283 1012 ao
1293 950 1426 1014 domino
1437 952 1569 1027 habeat3

250 1079 265 1111 x<
287 1047 390 1118 uarias
412 1052 511 1113 etiam
530 1055 649 1112 mortes
668 1048 849 1112 subeundas
871 1042 1144 1129 cognatorumque
1164 1047 1322 1129 supplicia
1339 1052 1372 1110 et
1391 1049 1570 1110 amicorum

245 1151 342 1212 nihili
355 1149 489 1222 faciunt,
506 1146 682 1219 durnmodo
696 1147 862 1209 bominum
876 1148 1041 1208 neminem
1055 1146 1222 1209 dominum
1236 1146 1400 1227 appellent
1415 1168 1430 1202 a
1448 1144 1568 1226 (Antiq.

247 1244 377 1325 laxs).
392 1245 513 1308 Census
524 1245 585 1307 iste
599 1245 732 1307 habitus
743 1249 792 1306 est
803 1244 969 1306 annodvcl
985 1247 1046 1322 lp.
1063 1244 1119 1305 Cb.
1134 1278 1176 1289 -
1188 1246 1307 1306 Verum
1318 1243 1488 1306 difficultas
1498 1258 1570 1303 mo-

247 1346 342 1405 vetur
354 1343 394 1405 de
403 1344 510 1422 priore
519 1341 677 1422 exemplo.
691 1340 798 1403 Refert
806 1340 894 1402 enim
902 1338 1050 1422 Iosephus
1060 1340 1179 1421 (Antiq.
1192 1340 1310 1422 absh)
1322 1341 1407 1403 Fado
1419 1341 1569 1403 Iudaeam

247 1446 438 1521 procurante
460 1429 735 1521 praestigiatorem
757 1437 916 1516 quendam
937 1438 1065 1499 nomine
1088 1437 1236 1506 Theudas
1257 1438 1378 1519 ingenti
1400 1438 1569 1499 hominum

246 1538 448 1601 multitudini
462 1537 661 1617 persuasisse
676 1541 713 1597 ut
723 1552 756 1596 se
768 1540 974 1612 sequerentur
986 1534 1026 1596 ad
1036 1534 1218 1608 Iordanem;
1233 1552 1304 1598 esse
1320 1552 1354 1597 sa
1367 1533 1567 1615 prophetam,

247 1635 481 1714 diremptisque
494 1633 632 1712 imperio
649 1650 705 1694 suo
721 1633 813 1711 aquis
828 1631 969 1693 huminis
981 1632 1111 1693 facilem
1125 1649 1160 1693 se
1173 1632 1344 1694 transitum
1358 1633 1567 1704 effecturum,

246 1731 303 1793 sed
318 1732 416 1792 missa
435 1730 582 1808 equitnm
602 1734 708 1791 turma
727 1728 846 1790 alludo
864 1728 945 1790 alios
965 1746 1034 1790 esse
1053 1729 1193 1801 occisos,
1214 1734 1324 1816 captos
1342 1730 1442 1803 alios,
1462 1730 1569 1807 ipsum

241 1828 409 1890 Theudam
424 1844 493 1888 esse
509 1831 637 1906 captum
652 1830 684 1888 et
699 1826 851 1888 occisum.
869 1828 942 1886 Erat
959 1825 1093 1906 Cuspius
1112 1826 1216 1889 Fadus
1235 1831 1423 1905 procurator
1438 1823 1569 1888 Claudio

246 1927 443 2005 Imperatore
458 1923 498 1985 ab
512 1941 597 2011 anno
611 1927 651 1984 ll
668 1941 699 2003 p.
717 1924 772 1985 Cb.
790 1922 880 1985 Unde
899 1923 1029 1985 evidens
1045 1928 1094 1986 est
1110 1924 1149 1986 de
1166 1923 1229 1986 hoc
1244 1924 1376 1986 Theuda
1391 1940 1455 1985 non
1473 1939 1568 2001 posse

245 2021 396 2106 Gamaliel
416 2038 604 2083 sermonem
624 2020 751 2082 inferre.
770 2020 851 2093 Quid
868 2020 965 2099 ergo?
980 2021 1127 2101 Plerique
1142 2021 1309 2083 acatholici
1325 2022 1435 2083 statim
1449 2023 1569 2082 Lucam

17 2076 46 2114 '⁷
117 2116 119 2119 ’
246 2119 364 2182 erroris
385 2124 552 2193 accusant,
577 2117 663 2198 quod
686 2135 751 2178 non
768 2119 860 2179 fieret
885 2119 911 2179 si
934 2118 1084 2198 profanus
1113 2118 1245 2197 quidam
1267 2119 1403 2199 scriptor
1416 2122 1569 2179 ‘narraret

247 2214 407 2279 exstitisse
421 2215 508 2297 apud
523 2214 657 2277 ludaeos
672 2214 751 2277 duos
766 2215 800 2275 in
815 2217 976 2277 Romanos
987 2216 1122 2278 rebellas
1135 2215 1269 2277 nomine
1285 2215 1446 2277 Theudas!

287 2313 481 2392 nequiorem
493 2330 528 2374 se
544 2311 684 2374 iudicem
699 2313 813 2392 probat
825 2309 916 2373 Bluss
932 2313 1072 2375 scribens
1087 2313 1126 2375 de
1140 2314 1245 2375 Luca:
1263 2318 1473 2402 «temporum
1485 2313 1567 2372 bene

246 2401 425 2472 memorem
441 2428 475 2471 se
491 2409 629 2488 scriptor
641 2414 798 2471 monstrat
814 2426 822 2469 :
838 2427 903 2488 quo
920 2410 1025 2471 minus
1043 2413 1093 2471 est
1111 2411 1276 2490 probabile
1290 2426 1365 2471 eum
1379 2408 1420 2470 de
1438 2406 1568 2469 Theuda

248 2512 314 2570 tam
338 2506 477 2587 graviter
497 2523 631 2579 errasse,
654 2523 750 2584 quam
771 2507 918 2586 plerique
938 2511 1052 2586 putant
1078 2531 1106 2566 a.
1134 2508 1172 2568 Et
1193 2506 1349 2586 proiecto,
1375 2505 1501 2567 etiamsi
1527 2505 1567 2567 de

248 2605 457 2685 inspiratione
472 2622 537 2665 non
552 2604 745 2683 cogitamus,
760 2621 825 2665 non
838 2609 888 2665 est
899 2622 955 2666 cur
969 2621 1109 2665 errorem
1124 2603 1209 2683 apud
1224 2606 1338 2666 Lucam
1353 2603 1565 2682 suspicemur.

247 2704 325 2769 Nam
338 2719 396 2780 pro
410 2719 448 2763 eo
463 2705 609 2780 tempore
626 2700 666 2762 de
681 2717 745 2778 quo
764 2701 913 2763 Gamaliel
933 2701 1075 2779 loquitur
1091 2701 1261 2762 nominans
1278 2700 1443 2763 Theudam
1462 2700 1568 2760 eseias

246 2803 372 2861 certum
388 2803 437 2860 est
451 2798 570 2860 multas
584 2798 744 2860 exstitisse
758 2798 791 2857 in
807 2798 923 2859 ludaea
938 2799 1056 2860 turbas.
1068 2798 1145 2860 ‘l'ros
1160 2797 1332 2861 lactionum
1348 2797 1446 2859 duces
1460 2796 1568 2858 nomi·

243 2902 301 2968 nat
321 2892 472 2977 Iosephus
492 2895 619 2967 ludam,
641 2894 821 2966 Simonem,
846 2896 1027 2975 Athrongen
1049 2893 1169 2976 (Antiq.
1192 2895 1367 2968 araus-7.
1389 2893 1468 2956 Bell.
1498 2893 1565 2956 iud.

243 2992 340 3073 mh)
362 2996 395 3054 et
412 2997 579 3072 praeterea
598 2992 677 3053 dicit
692 2991 771 3072 ἔτερα
793 2985 874 3071 ‚calpa
890 2991 1006 3072 tepidos
1020 2992 1196 3068 exstitisse;
1217 3016 1234 3047 «
1252 2992 1368 3054 Iudaea
1380 2992 1477 3071 plena
1497 2996 1564 3053 aral

245 3082 420 3151 latrociniis
432 3094 465 3150 et
479 3088 666 3169 utquisque
682 3088 905 3151 seditiosorum
919 3095 1027 3151 coetus
1041 3088 1194 3162 coiverat,
1208 3081 1303 3168 reges'
1314 3090 1501 3151 creabantur
1512 3087 1567 3168 qui

245 3186 355 3248 omnia
368 3187 505 3266 agebant
519 3187 552 3247 in
568 3186 742 3265 perniciem
757 3186 951 3265 reipublIcae
968 3211 983 3241 n
1001 3185 1117 3264 lhntiq.
1133 3183 1315 3266 lutosa).
1330 3188 1439 3266 Neque
1449 3203 1566 3248 nomen

246 3283 396 3345 Theudas
412 3283 455 3345 ita
469 3287 518 3345 cst
532 3300 652 3356 rarum,
669 3288 704 3346 ut
718 3282 927 3363 improbabile
940 3284 980 3344 sit
993 3284 1073 3345 duos
1088 3282 1235 3344 eiusdem
1254 3284 1395 3345 nominis
1409 3283 1566 3345 exstitisse

245 3381 331 3441 intra
352 3381 495 3459 spatium
519 3397 676 3442 annorum
698 3380 764 3441 iere
787 3379 1004 3460 quadraginta.
1029 3382 1109 3441 Nam
1130 3380 1289 3459 reperitur
1309 3382 1395 3459 apud
1420 3381 1567 3460 profanos

246 3478 377 3557 (Corpus
392 3476 538 3556 inscript.
555 3494 659 3557 graec.
683 3494 714 3537 n.
733 3477 822 3539 abac.
843 3478 933 3539 3563.
954 3478 1043 3539 3990.
1060 3479 1155 3551 aba&
1173 3477 1212 3539 ci.
1233 3473 1379 3554 Scluirer,
1402 3479 1416 3539 l
1437 3496 1467 3555 p.
1489 3479 1564 3551 ⁴733

244 3575 306 3636 alia
317 3576 462 3654 exempla
475 3574 569 3635 allert
589 3571 696 3635 Wetst.
712 3573 796 3635 adh.
813 3575 833 3634 l.
851 3579 884 3635 et
895 3574 967 3636 side
982 3573 1067 3654 apud
1082 3573 1182 3656 Papo,
1195 3573 1423 3654 Eigennamen)
1439 3579 1472 3635 et
1481 3573 1565 3654 apud

244 3671 394 3733 rabbinos
416 3686 507 3736 cirin
534 3670 574 3732 ct.
604 3669 752 3749 Buetors,
771 3673 833 3732 Lex
859 3671 962 3732 chald.
980 3688 1012 3749 p.
1029 3673 1121 3745 2365,
1142 3669 1315 3752 Liplrtsoot,
1333 3672 1406 3731 llor.
1423 3670 1512 3732 hebr.
1525 3669 1566 3732 ad

241 3768 275 3828 b.
295 3769 335 3842 l.;
351 3784 467 3829 noman
490 3768 595 3835 easta
619 3774 668 3829 est
696 3767 895 3829 decurtatum
912 3785 956 3831 ,ex
979 3767 1133 3848 θεόδωρος,
1152 3768 1282 3834 Θεόδοτος
1300 3773 1333 3829 et
1351 3768 1424 3829 sim.
1442 3767 1494 3847 (ct.
1510 3765 1563 3829 Bt.

242 3866 366 3945 Proleg.
381 3882 415 3944 p.
431 3864 475 3944 3).
491 3865 687 3944 Quandoque
701 3882 819 3926 nornen
834 3865 920 3926 idem
932 3883 1001 3927 esse
1015 3866 1128 3927 dicunt
1140 3882 1178 3928 ac
1188 3864 1404 3927 Thaddaeum.

284 3964 382 4024 Porro
401 3961 582 4025 notandum
601 3967 650 4023 est
665 3979 744 4040 quac
758 3979 777 4023 a
792 3963 942 4024 Gamaliel
957 3962 1103 4024 dicantur
1123 3962 1163 4024 de
1182 3960 1315 4024 Tbeuda
1329 3963 1462 4043 eiusque
1477 3981 1565 4026 asse·

243 4060 301 4124 clis
320 4060 447 4121 diversa
466 4076 535 4120 esse
552 4059 591 4120 ab
612 4058 651 4121 iis
663 4050 753 4139 'quae
768 4059 926 4138 losephus
945 4060 984 4121 de
1005 4059 1136 4122 Theuda
1155 4064 1273 4122 narrat.
1295 4061 1376 4122 Nam
1396 4062 1467 4122 Act.
1492 4063 1565 4132 5,36

243 4157 333 4218 solus
358 4153 506 4217 Tlreudas
531 4155 650 4218 dicitur
674 4157 800 4219 occisus
824 4173 925 4235 eoque
951 4157 1073 4219 sublato
1100 4162 1277 4220 sectatores
1306 4158 1375 4219 eius
1401 4158 1565 4238 paulisper

241 4254 340 4316 luisse
364 4251 539 4315 dissolutos
564 4258 597 4315 et
619 4255 750 4315 tandem
774 4253 959 4330 evanuisse3
982 4254 1132 4335 Iosephus
1152 4259 1263 4317 autem
1282 4253 1380 4316 refert
1400 4254 1564 4318 Theudam

241 4352 340 4413 luisse
362 4351 465 4430 capite
487 4351 713 4414 obtruncatum
733 4357 765 4413 et
784 4350 896 4413 eodem
919 4355 1064 4432 tempore
1083 4370 1121 4415 ax
1143 4352 1333 4432 sequacibus
1356 4352 1424 4414 eius
1442 4353 1564 4415 occisos

241 4449 360 4511 multos
376 4449 558 4528 multosque
578 4453 687 4528 captos
702 4450 792 4512 rivos
805 4446 917 4530 (Beel.)
930 4457 964 4512 et
979 4449 1028 4510 Bl.
1044 4467 1174 4530 quoque
1188 4450 1351 4512 advertit:
1369 4471 1385 4503 s
1401 4465 1441 4511 ne
1457 4453 1564 4513 cetera

241 4546 375 4626 quidem
391 4550 467 4608 sunt
483 4544 578 4627 plane
597 4546 711 4608 eadem
724 4546 802 4627 (scil.
818 4551 945 4626 praeter
962 4547 1102 4628 tompus)
1124 4563 1133 4608 z
1153 4546 1310 4619 διελύθησαν
1326 4546 1373 4605 καὶ
1390 4545 1509 4624 ἐγίνοντο
1526 4549 1563 4616 ele

241 4644 317 4704 obdis
338 4650 412 4725 apte
430 4644 470 4706 de
489 4649 575 4706 secta
594 4661 675 4723 quae
695 4644 859 4725 paullatim
881 4645 1050 4720 delabitur,
1071 4645 1179 4706 miuus
1197 4649 1272 4726 apte
1292 4645 1333 4708 de
1351 4646 1562 4716 multitudine

243 4742 380 4821 pervim
393 4742 528 4805 disiecta
546 4766 575 4803 n.
594 4742 697 4805 Immo
716 4740 768 4804 Bt.
790 4743 966 4823 suspicatur
982 4743 1015 4804 in
1034 4747 1155 4806 textum
1172 4741 1300 4823 losepbi
1319 4743 1425 4807 torsan
1445 4761 1483 4806 ax
1501 4742 1563 4805 boc
