4154 5452
1048 353 1115 397 aer.
1139 335 1279 412 aaaaa.
1769 341 1828 404 109

500 491 609 551 nostro
622 489 693 553 loco
709 505 830 551 nomen
842 503 914 548 asse
929 447 1074 557 illatum;
1092 508 1107 541 a
1123 502 1196 547 eum
1212 483 1371 547 Eusebius
1386 483 1466 546 nihil
1480 484 1606 546 dubitet
1620 485 1728 550 locum
1743 490 1829 554 hune
1954 495 1956 501 ’

500 587 652 649 Actorum
667 605 707 648 ex
720 583 859 663 losepho
875 582 1033 645 illustrare
1050 582 1094 662 th.
1110 600 1137 645 e.
1156 584 1253 663 bil),
1270 582 1411 661 suspicio
1427 582 1513 644 subit
1527 599 1621 662 posse
1639 583 1775 647 inhune
1790 605 1828 649 ex

414 722 417 726 -
500 685 586 746 dctis
601 700 720 746 nomen
737 681 886 743 Theudae
903 682 990 761 quod
1011 687 1097 742 certe
1118 682 1221 742 rarius
1246 687 1295 742 est
1316 697 1485 759 perperam
1505 681 1632 743 illatum
1653 699 1735 752 esse,
1753 700 1828 746 eum
1946 724 1948 729 ι

499 783 549 843 vel
564 780 668 841 simile
689 779 735 840 ibi
750 778 865 841 tuisset
882 780 932 841 vel
948 778 1044 857 (sieut
1062 779 1170 854 antiq.
1187 779 1304 850 abab.
1323 776 1370 855 10)
1389 777 1522 838 omnino
1544 779 1668 841 nullum
1684 803 1714 843 a.
1727 812 1766 825 -
1783 782 1828 841 Ex

499 878 586 940 hisee
606 876 685 937 satis
706 881 795 955 patet
816 894 882 938 non
902 893 972 936 esse
995 892 1053 935 eur
1074 876 1173 934 Lucas
1195 874 1312 935 erroris
1333 874 1549 953 chronologici
1570 881 1734 954 arguatur.
1759 879 1828 940 Non

499 973 669 1036 detuerunt
684 975 741 1053 qui
763 972 927 1064 Theudam
952 971 1098 1031 invenire
1118 971 1277 1033 voluerint
1297 971 1347 1031 vel
1367 971 1400 1031 in
1421 971 1551 1033 Matthia
1569 973 1675 1034 scriba
1692 973 1744 1052 (de
1764 992 1829 1054 quo

499 1069 578 1131 Bell.
595 1071 663 1132 iud.
682 1073 787 1145 luas
802 1075 835 1131 et
848 1069 956 1147 Antiq.
975 1068 1058 1148 17,6)
1071 1069 1121 1129 vel
1136 1069 1167 1129 in
1181 1068 1314 1130 Simone
1330 1067 1460 1147 (dequo
1475 1076 1581 1149 supra)
1597 1070 1647 1131 vel
1665 1070 1701 1131 in
1720 1071 1827 1134 Theu-

497 1165 593 1230 dione
609 1168 730 1249 (Antiq.
747 1170 844 1245 tbi).
860 1165 923 1227 Sed
939 1171 1019 1227 teste
1035 1165 1167 1244 losepho
1179 1166 1275 1228 multi
1290 1166 1487 1227 exsistebant
1501 1167 1639 1230 rebelles
1656 1185 1739 1247 quos
1754 1168 1825 1248 ipse

498 1282 562 1327 non
575 1267 730 1326 nominat.

540 1445 585 1508 Ex
606 1440 700 1507 hisee
718 1441 835 1530 itaque
851 1440 1026 1508 concludit
1043 1439 1211 1509 Gamaliel
1228 1462 1260 1508 v.
1282 1445 1325 1508 38
1340 1452 1373 1508 et
1390 1462 1483 1507 nunc
1501 1439 1621 1531 itaque
1642 1447 1694 1510 aci
1715 1445 1753 1512 τὰ
1773 1458 1823 1511 νῦν

497 1547 842 1634 alasaciensi
866 1570 939 1614 rem
954 1553 1167 1636 praesentem
1186 1546 1282 1636 quod
1303 1546 1427 1614 attinet
1449 1545 1570 1638 (Beel.)
1591 1546 1670 1615 dieo
1692 1547 1788 1616 vodis
1810 1569 1824 1614 .·

496 1651 661 1721 discedite
672 1652 716 1721 ab
728 1652 924 1720 hominibus
936 1653 1010 1719 istis
1024 1656 1188 1739 ἁποοοητε,
1205 1652 1375 1733 desistite,
1394 1674 1515 1721 manus
1528 1653 1574 1721 ab
1589 1654 1638 1722 eis
1651 1654 1822 1724 abstinete

498 1760 634 1849 (Beel.),
653 1759 795 1828 desinite
814 1782 935 1827 vexare
951 1759 1052 1849 (Bt.);
1074 1760 1118 1827 ci.
1136 1765 1252 1838 2229.
1269 1763 1347 1827 huc.
1366 1766 1444 1841 t,13
1464 1771 1497 1828 et
1510 1760 1615 1829 sinite
1636 1759 1715 1829 illes
1733 1769 1822 1850 ἄφετε

495 1865 673 1947 dimittito,
701 1865 802 1934 sinite
826 1888 884 1934 eos
912 1866 1023 1947 abire;
1049 1865 1122 1933 scil.
1147 1888 1191 1933 ne
1217 1866 1287 1933 iam
1310 1867 1454 1935 ulterius
1480 1873 1603 1935 curent
1628 1868 1672 1936 de
1700 1890 1822 1937 eorum

495 1971 623 2060 agendi
637 1972 771 2039 ratione
786 1994 873 2040 neve
892 1971 958 2039 silai
982 1972 1047 2062 ipsi
1062 1973 1242 2060 negotium
1257 1972 1442 2056 lacessant,
1457 1979 1493 2040 et
1507 1973 1679 2042 rationem
1693 1974 1794 2043 affert
1810 1995 1820 2044 τ

496 2077 660 2169 quoniam
679 2077 712 2146 si
729 2091 779 2146 eat
793 2100 836 2145 ex
850 2077 1043 2145 hominibus
1058 2078 1275 2159 auctoribus,
1294 2100 1379 2166 ergo
1393 2079 1613 2148 solummodo
1627 2081 1824 2149 humanum

496 2183 678 2251 corasih'um
697 2184 759 2251 hoc
778 2198 841 2252 cut
861 2207 962 2274 opus,
981 2184 1195 2267 dissolvetur,
1213 2185 1264 2251 uti
1279 2184 1349 2253 alia
1361 2185 1518 2276 exempla
1535 2186 1703 2276 probant;
1728 2210 1761 2254 v.
1780 2193 1823 2255 39

495 2292 526 2357 si
544 2312 622 2358 cero
639 2313 681 2358 ec
697 2295 766 2358 Deo
784 2304 847 2375 est,
866 2314 936 2358 non
953 2292 1109 2382 poteritis
1128 2290 1311 2359 dissolvere
1331 2289 1437 2373 illud,
1452 2314 1496 2360 ne
1515 2292 1608 2382 sorte
1626 2305 1660 2362 et
1674 2297 1745 2361 Deo
1769 2316 1823 2363 re-

489 2419 650 2488 pacqnare
675 2396 918 2480 inveniamini,
944 2403 1101 2487 θεομάχοι,
1120 2399 1249 2466 maiore
1270 2397 1429 2489 emphasi
1449 2399 1508 2466 alii
1530 2398 1665 2467 addunt
1684 2404 1788 2468 testes
1811 2418 1820 2468 ε

494 2526 606 2595 neque
629 2526 690 2572 vos
717 2527 830 2594 neque
857 2504 1031 2595 principes
1054 2504 1157 2572 vestri
1187 2503 1280 2594 (gig,
1304 2504 1383 2572 vide
1399 2505 1477 2574 leot.
1500 2506 1602 2594 van).
1628 2506 1759 2574 Dicitur
1783 2505 1822 2574 in

494 2610 610 2701 priore
623 2613 673 2679 ἐὰν
689 2615 725 2701 ᾖ,
743 2613 780 2678 in
794 2611 861 2678 hac
876 2612 1046 2678 sententia
1066 2615 1091 2680 εἰ
1107 2619 1138 2680 δὲ
1158 2621 1193 2679 ἐκ
1212 2613 1293 2680 Θεοῦ
1309 2619 1403 2694 ἑστίη
1419 2610 1511 2679 unde
1530 2609 1628 2702 prius
1639 2619 1820 2703 tamquam

495 2737 567 2782 rem
585 2716 713 2805 cogitat
726 2738 814 2807 quae
834 2717 972 2785 evenire
988 2718 1108 2807 possit,
1126 2717 1275 2785 alterum
1289 2722 1404 2785 autem
1423 2723 1601 2808 tamquam
1619 2740 1742 2786 verum
1764 2740 1819 2788 aa·

494 2844 629 2891 sumere
642 2823 782 2891 ridetur
805 2824 936 2912 (Feta),
953 2825 1018 2891 nisi
1035 2823 1196 2891 malueris
1215 2822 1332 2891 dicere
1350 2823 1498 2891 alterum
1515 2823 1582 2892 hoc
1605 2823 1651 2892 ab
1675 2847 1716 2893 eo
1738 2847 1820 2916 pro-

494 2929 577 2996 ferri
592 2952 632 2998 ex
646 2936 761 2997 niente
784 2930 1030 3020 apostolorum.
1054 2929 1120 2997 Sed
1142 2950 1221 2997 eum
1243 2928 1351 2997 addat
1374 2951 1383 2999 ε
1404 2951 1447 2998 ne
1465 2933 1554 2997 torte
1576 2936 1722 3020 θεομάχοι
1740 2954 1820 3000 cum

495 3039 560 3102 beo
585 3042 777 3127 pugnantes
798 3035 1041 3117 inveniamini,
1058 3042 1175 3103 tamen
1192 3035 1274 3103 satis
1289 3035 1381 3104 clare
1395 3057 1492 3103 suam
1509 3058 1649 3126 quoque
1665 3040 1820 3105 mentem

493 3145 606 3233 aperit
628 3142 727 3210 facilc
747 3142 822 3210 sieri
844 3165 958 3233 posse,
975 3148 1011 3209 ut
1034 3147 1121 3210 lleus
1140 3142 1213 3209 eius
1229 3143 1280 3209 rei
1295 3141 1339 3210 sit
1358 3148 1488 3211 auctor.
1504 3146 1590 3210 Nam
1613 3164 1696 3211 sane
1715 3164 1820 3211 nemo

494 3248 564 3315 ianr
579 3248 743 3336 ignorare
758 3255 892 3339 poterat
909 3250 1007 3336 signa
1030 3255 1063 3315 et
1086 3248 1252 3316 miracula
1274 3249 1366 3315 laeta
1386 3270 1456 3316 esse
1471 3269 1533 3340 per
1555 3249 1728 3340 apostolos
1747 3271 1821 3317 eos-

494 3377 562 3444 que
581 3361 614 3421 et
635 3354 754 3422 fideles
772 3377 893 3422 eorum
915 3362 1098 3422 sectatores
1114 3356 1219 3422 vitam
1243 3376 1347 3443 agere
1361 3377 1441 3423 vere
1456 3354 1551 3445 piam
1568 3378 1711 3446 esseque
1727 3355 1820 3424 viros

494 3460 636 3528 omnino
650 3462 788 3552 probos.
807 3462 901 3529 Unde
917 3463 981 3529 nisi
997 3463 1073 3551 quis
1092 3484 1128 3528 se
1147 3461 1262 3552 ipsum
1286 3482 1473 3529 excaecare
1487 3467 1521 3529 et
1543 3462 1660 3530 oculos
1675 3462 1743 3530 lnei
1760 3484 1820 3531 oe·

494 3566 633 3636 cludere
664 3568 789 3650 voluit,
815 3567 937 3635 debuit
966 3589 1038 3635 rem
1070 3589 1139 3635 esso
1166 3567 1332 3635 divinitus
1367 3568 1560 3636 ordinatam
1594 3568 1821 3638 vehementer

494 3673 611 3741 saltem
627 3674 805 3765 suspicari.
827 3675 908 3742 inde
926 3697 1007 3741 sero
1021 3674 1123 3741 simul
1138 3680 1233 3764 patet
1252 3674 1449 3742 nullatenus
1466 3696 1544 3742 eam
1563 3696 1636 3744 esse
1652 3676 1820 3745 Gamaliel

493 3779 699 3848 sententiam
717 3803 757 3848 ac
782 3782 808 3847 si
833 3781 875 3847 de
900 3781 1035 3867 origine
1051 3781 1103 3847 vel
1119 3803 1221 3848 causa
1235 3780 1354 3848 divina
1373 3780 1502 3848 exsulo
1521 3781 1572 3848 rei
1586 3803 1744 3849 successu
1763 3780 1820 3850 iu-

493 3885 623 3953 dicium
643 3887 773 3953 feratur
796 3925 840 3936 -
861 3910 949 3976 (palae
972 3909 1095 3954 norma
1119 3886 1297 3955 iudicandi
1322 3886 1440 3976 utique
1459 3893 1509 3954 est
1531 3886 1619 3954 falsa
1639 3909 1680 3955 ao
1701 3887 1820 3978 perni-

494 3991 596 4060 ciosa.
611 4031 655 4042 -
676 3998 777 4075 Nam,
797 4001 835 4062 ut
854 3992 962 4062 Salui.
980 3993 1146 4075 advertit,
1166 3992 1204 4061 in
1224 4015 1328 4061 causa
1348 3992 1410 4060 illa
1425 3999 1459 4059 et
1479 3992 1539 4060 illo
1562 3998 1720 4084 tempore
1746 3994 1820 4062 eius

495 4100 663 4167 sententia
684 4100 816 4189 optima
834 4100 899 4166 suit
921 4110 955 4166 et
976 4108 1110 4179 saneta;
1134 4098 1401 4190 praedicabatur
1419 4100 1514 4166 enim
1534 4098 1687 4167 Christus
1701 4122 1723 4168 a
1736 4123 1819 4192 pro-

495 4205 610 4295 phetis
629 4206 813 4297 promissus
826 4205 896 4272 iana
917 4207 1063 4287 vonisse,
1079 4206 1293 4298 probabatur
1310 4204 1420 4295 signis
1440 4213 1474 4273 et
1494 4205 1566 4274 vita
1584 4205 1765 4298 inculpata
1785 4213 1820 4276 et

493 4314 692 4403 seripturis3
709 4311 793 4379 item
809 4312 940 4379 illuma
956 4313 1088 4380 ludaeis
1102 4312 1320 4380 interiectum
1339 4313 1570 4381 resurrexisse.

538 4418 731 4486 Proharunt
746 4418 926 4486 consilium
941 4419 1014 4487 eius
1032 4420 1097 4501 ita,
1115 4426 1154 4488 ut
1168 4418 1307 4487 aeaede
1326 4418 1536 4487 abstinerent
1552 4440 1561 4488 :
1576 4431 1819 4487 commearunt

421 4562 424 4570 ·
494 4536 608 4592 atatem
625 4524 697 4608 itti,
715 4535 889 4612 exstetque
905 4526 969 4593 sibi
990 4527 1190 4616 persuaderi
1211 4524 1446 4617 patiebantur3
1463 4525 1496 4592 ei
1514 4523 1815 4617 obtemperabant.

493 4631 603 4697 Simul
617 4638 734 4699 tamcn
754 4655 853 4700 suana
866 4634 1104 4700 auctoritatem
1117 4639 1151 4701 et
1170 4632 1371 4700 mandatum
1389 4631 1554 4700 sustinere
1571 4632 1725 4700 volentes
1738 4654 1818 4723 poe-

493 4758 575 4805 nam
596 4736 639 4805 iis
661 4736 826 4825 infligunt
850 4739 892 4808 de
917 4738 1068 4807 mandati
1093 4741 1256 4828 neglectu
1279 4741 1391 4828 (t,18;
1415 4738 1508 4831 538)
1534 4743 1569 4807 et
1586 4737 1677 4807 illud
1702 4737 1817 4809 denuo
