4154 5452
1072 335 1080 353 “
1105 326 1178 398 am.
1201 339 1309 408 Sti..
1422 355 1424 358 ’
1798 340 1859 416 ,149

577 486 731 577 Apostoli
753 490 886 565 autem,
902 483 953 550 uti
974 484 1196 552 Samaritanis
1217 486 1382 554 maiorem
1402 485 1545 577 Spiritus
1562 487 1711 572 gratiam
1734 489 1858 555 attule-

533 597 629 674 rant,
649 594 697 660 ite
716 589 820 657 fidem
839 610 978 679 qaoque
1001 590 1249 661 confirmarunt
1268 599 1302 660 et
1318 593 1407 661 inter
1428 614 1484 660 eos
1505 601 1746 682 propagarunt
1763 618 1795 662 v.
1814 601 1856 662 25

532 713 566 765 et
584 697 641 764 illi
655 694 797 786 quidem
815 705 841 763 et
864 707 916 780 μὲν
937 699 1007 791 eia,
1020 698 1122 787 plane
1141 698 1320 768 arbitrarie
1340 700 1444 768 refert
1458 697 1555 789 trita.
1577 698 1684 779 idad,
1703 704 1778 779 8,t;
1795 699 1857 766 sed
1880 763 1883 771 ,
1951 718 1953 721 ·

531 803 672 889 quinam
696 799 918 890 intelligendi
939 803 1023 886 sint,
1041 827 1082 872 ex
1104 828 1137 872 v.
1154 812 1197 873 ib
1221 817 1323 890 ὑμεῖς,
1341 810 1477 894 εἰρήκατε
1497 806 1580 873 'satis
1603 805 1733 888 elucet,
1761 803 1856 870 colli-

529 894 625 993 gitur
644 929 784 998 quoque
805 932 846 978 ex
866 921 932 996 μέν,
955 931 1025 999 qua
1041 910 1209 999 particula
1223 912 1294 978 iam
1313 912 1469 979 innuitur
1497 911 1689 978 narrationi
1706 910 1750 979 de
1771 932 1856 1000 apo-

528 1013 624 1080 stolis
641 1014 807 1104 subiungi
821 1015 921 1082 aliud
934 1014 978 1082 de
998 1014 1175 1105 Philipp03
1196 1016 1371 1106 testificati
1385 1029 1419 1084 et
1438 1014 1695 1083 laeuti'uerbam
1715 1017 1856 1083 Domini

529 1118 586 1207 (ci.
609 1126 707 1201 a,t0;
725 1127 824 1204 tbi).
842 1121 898 1208 31)
920 1118 1343 1210 redibaatleroeolymam
1363 1122 1490 1191 diutius
1508 1122 1633 1191 scitia
1657 1121 1772 1190 reditu
1790 1122 1876 1189 im··

527 1225 754 1294 morabantur
780 1247 844 1314 per
870 1226 983 1293 varias
1007 1227 1168 1319 regiones
1191 1229 1455 1309 circumeuntes,
1484 1229 1574 1296 unde
1603 1239 1796 1318 ὑπέστρεφον,
1822 1241 1855 1295 et

526 1330 647 1398 multis
662 1330 861 1420 ropionibus
879 1332 1180 1402 Samaritanorum
1193 1334 1486 1425 evanqeliaabaat.

565 1537 635 1596 Duo
651 1534 848 1596 offendicula
861 1537 895 1598 in
909 1537 969 1600 hac
980 1539 1156 1600 narratione
1172 1537 1411 1618 deprehendunt
1426 1538 1540 1600 critici.
1557 1540 1596 1599 ht
1610 1536 1700 1619 Hilp.
1718 1539 1853 1617 quidem
1974 1590 1980 1600 .

525 1636 635 1694 censet
649 1650 688 1693 ea
704 1650 785 1711 quae
800 1652 830 1694 v.
848 1636 921 1697 eat
938 1641 1103 1698 narrantur
1127 1635 1330 1699 nullomodo
1349 1637 1497 1716 componi
1515 1652 1699 1715 passerum
1717 1635 1755 1696 iis
1770 1654 1851 1714 quae

524 1729 723 1808 praecedunt
746 1749 774 1790 v.
802 1734 877 1806 t-e;
903 1732 1082 1794 berienim
1102 1733 1281 1797 nullatenus
1303 1751 1410 1814 posse,
1436 1741 1474 1796 ut
1497 1732 1637 1813 populus
1660 1734 1716 1813 qui
1741 1734 1852 1795 statim
1898 1817 1900 1822 ³

524 1827 719 1890 unanimiter
732 1829 966 1907 praedicationi
981 1829 1020 1892 de
1033 1830 1103 1891 lesu
1115 1831 1211 1893 iidem
1225 1830 1390 1906 adhibeat,
1403 1837 1495 1893 antea
1510 1831 1623 1893 eadem
1638 1831 1852 1893 unanimitate

523 1923 689 1986 Simonem
710 1930 876 2005 tamquam
898 1943 1046 2006 magnam
1069 1929 1126 1989 Dei
1149 1929 1302 1990 virtutem
1323 1933 1489 1991 veneratus
1511 1928 1569 2001 sit;
1589 1946 1694 2008 neque
1715 1930 1851 2009 cogitari

522 2037 616 2099 posse
641 2038 775 2101 magum
800 2023 893 2084 illum
917 2023 1007 2086 nullo
1031 2024 1127 2086 modo
1148 2025 1301 2087 restitisse
1325 2025 1483 2104 Philippo,
1508 2032 1621 2087 'verum
1644 2031 1796 2088 econtra
1820 2027 1850 2088 ei

523 2116 723 2192 adhaesisse,
742 2120 896 2182 miracula
915 2138 985 2182 esse
1004 2121 1208 2185 admiratum.
1223 2156 1264 2167 -
1282 2122 1344 2184 Sed
1363 2120 1490 2185 aritiens
1511 2123 1599 2184 varia
1616 2139 1681 2184 non
1699 2122 1848 2185 attendit.

522 2215 738 2278 Samaritanus
758 2215 865 2277 statim
887 2217 1015 2297 (sciuri)
1035 2218 1226 2293 credidisse,
1248 2236 1312 2282 uon
1333 2219 1465 2296 dieitur;
1484 2226 1627 2301 προσιῖχον
1646 2220 1681 2282 in
1700 2238 1730 2281 v.
1750 2221 1849 2281 biam

522 2311 698 2392 longiorem
717 2314 920 2377 durationem
935 2315 1068 2377 indicat.
1085 2317 1167 2378 Vera
1178 2321 1210 2378 et
1224 2317 1324 2379 multa
1336 2317 1504 2391 miracula,
1519 2318 1634 2398 quibus
1648 2319 1733 2380 Deus
1747 2319 1851 2397 gratia

521 2427 578 2471 sua
597 2412 724 2472 animos
746 2412 785 2474 de
809 2412 973 2475 fraudibus
991 2414 1078 2499 magi
1099 2414 1242 2489 edocuit,
1263 2415 1330 2477 vim
1349 2431 1441 2478 suam
1462 2412 1664 2478 exercebant.
1683 2415 1801 2493 Utique
1821 2416 1848 2476 si

520 2508 594 2586 quis
609 2513 642 2569 et
657 2510 812 2571 miracula
825 2517 920 2591 negat
934 2517 966 2573 et
981 2511 1021 2573 de
1040 2512 1140 2591 gratia
1154 2513 1211 2573 Dei
1223 2504 1263 2574 'et
1282 2515 1352 2575 eius
1372 2513 1511 2575 efficacia
1527 2513 1605 2574 nihil
1617 2514 1752 2592 cogitat,
1770 2531 1848 2575 eon·

520 2605 704 2666 versionem
722 2624 789 2667 non
804 2608 908 2669 solum
925 2609 1212 2684 Samaritanorum,
1229 2610 1286 2671 sed
1303 2611 1399 2671 etiam
1414 2608 1551 2671 aliorum
1566 2610 1714 2671 omnium
1730 2627 1847 2689 negare

521 2701 663 2763 debebit.
686 2737 727 2747 -
749 2704 814 2764 atii
835 2704 1068 2767 offendiculum
1090 2706 1257 2769 inveniunt
1279 2707 1313 2768 in
1335 2724 1374 2769 eo
1392 2707 1478 2786 quod
1500 2712 1625 2787 praeter
1646 2709 1846 2787 baptismum

518 2801 705 2878 requiratur
726 2802 893 2880 impositio
916 2820 1072 2865 manuum
1093 2820 1151 2883 per
1170 2805 1331 2884 apostolos
1354 2804 1435 2867 laeta
1456 2810 1493 2867 ut
1511 2805 1685 2884 accipiatur
1707 2805 1846 2884 Spiritus

517 2902 665 2973 sanctus3
689 2898 723 2959 id
745 2899 880 2977 quidem
904 2901 1004 2961 etiam
1028 2901 1160 2964 indicari
1186 2902 1271 2976 19,u;
1295 2903 1352 2964 sed
1375 2919 1447 2965 cum
1470 2902 1549 2964 haec
1569 2903 1658 2964 notio
1680 2903 1759 2964 alias
1779 2920 1845 2964 non

518 2995 708 3073 reperiatur,
736 2996 840 3057 critici
868 3013 938 3059 eam
963 3002 1089 3076 partem
1115 3016 1134 3059 a
1156 2997 1244 3061 fonte
1267 3000 1416 3079 originali
1439 3005 1589 3079 separant
1611 2999 1844 3062 contendentes

519 3089 616 3152 talem
636 3093 832 3154 sententiam
852 3111 871 3155 a
890 3100 1036 3173 tempore
1051 3096 1227 3175 apostolico
1243 3096 1340 3158 luisse
1353 3096 1501 3158 alienam.
1519 3093 1637 3158 Verum
1651 3097 1732 3158 haec
1748 3098 1843 3176 plane

517 3189 655 3266 gratuito
676 3193 874 3252 statuuntur.
895 3192 973 3252 Nam
991 3192 1094 3271 gratia
1113 3197 1146 3254 et
1165 3193 1249 3255 dona
1266 3194 1404 3272 Spiritus
1425 3195 1523 3256 sancti
1541 3193 1685 3275 profecto
1707 3199 1844 3273 possunt

517 3288 645 3366 augeri;
674 3288 771 3366 proin
793 3289 933 3367 Spiritus
958 3294 1085 3351 sanctus
1109 3296 1215 3371 potest
1234 3290 1297 3352 dici
1319 3292 1436 3355 iterum
1458 3291 1541 3363 dari;
1564 3310 1629 3354 non
1653 3292 1759 3355 solum
1782 3293 1844 3353 hoc

518 3385 599 3458 loco,
622 3385 679 3446 sed
702 3385 800 3447 etiam
822 3388 893 3457 tau
911 3387 951 3449 de
972 3388 1027 3448 tali
1049 3388 1258 3467 impositione
1279 3394 1352 3469 post
1374 3390 1569 3471 baptismum
1590 3391 1714 3452 mentio
1734 3391 1786 3463 sst;
1809 3390 1841 3450 in

517 3486 657 3560 utroque
672 3482 743 3543 loco
762 3487 868 3545 textus
886 3484 1018 3546 omnino
1034 3491 1083 3547 est
1100 3485 1233 3565 integer,
1249 3497 1268 3548 a
1287 3486 1374 3548 nullo
1393 3486 1425 3547 in
1445 3487 1579 3549 dubium
1596 3489 1703 3550 vocari
1723 3494 1841 3568 potest.

516 3579 628 3640 Solum
648 3587 881 3659 praeoccupata
902 3581 1055 3660 opinione
1075 3588 1186 3646 contra
1204 3584 1382 3646 doctrinam
1403 3584 1592 3647 catholicam
1609 3585 1647 3647 de
1664 3587 1842 3648 Confirma-

517 3677 604 3739 tione
618 3683 726 3756 potest
738 3679 810 3758 quis
830 3680 953 3754 induci,
971 3685 1005 3742 ut
1024 3697 1094 3743 rem
1109 3681 1237 3761 planam
1258 3687 1289 3744 et
1305 3684 1430 3744 chriam
1445 3682 1605 3746 obscuret.
1622 3719 1663 3729 -
1678 3686 1748 3745 Non
1763 3684 1840 3745 Phi-

516 3775 644 3853 lippum
669 3775 855 3846 diaconum,
877 3778 934 3839 sed
959 3779 1147 3859 Philippum
1166 3781 1346 3860 apostolum
1367 3798 1438 3842 esse
1462 3781 1710 3861 intelligendum
1732 3779 1840 3864 Spitta

516 3872 698 3945 contendit3
721 3873 820 3951 idque
841 3875 1019 3937 assertione
1038 3874 1130 3939 fulcit
1148 3878 1240 3956 plane
1258 3878 1395 3957 gratuito
1413 3878 1508 3947 iacta,
1528 3878 1561 3938 in
1582 3878 1669 3940 ionte
1689 3879 1840 3959 originali

515 3969 600 4031 hanc
613 3970 828 4032 narrationem
845 3972 943 4034 fuisse
959 3973 1095 4053 positam
1111 3980 1183 4055 post
1199 3975 1288 4036 illam
1304 3975 1344 4037 de
1360 3976 1466 4054 prima
1480 3975 1732 4038 commoratione
1747 3977 1839 4038 Pauli

518 4068 550 4127 in
562 4068 739 4129 Ierusalem
754 4068 918 4149 (aimo),
933 4088 997 4132 non
1009 4076 1082 4152 post
1093 4072 1311 4134 narrationem
1325 4072 1364 4133 de
1377 4073 1549 4153 Stephano.
1561 4072 1620 4136 Sed
1636 4073 1676 4134 de
1690 4074 1839 4153 Philippo

516 4164 651 4228 diacono
666 4183 736 4228 esse
752 4184 935 4229 sermonem
951 4170 1047 4230 etiam
1062 4175 1171 4249 aperte
1185 4175 1307 4234 constat
1326 4187 1363 4231 ex
1376 4173 1458 4244 213,
1474 4171 1531 4233 ubi
1551 4189 1632 4234 unus
1651 4171 1691 4233 de
1711 4177 1838 4251 septem

515 4268 647 4324 vocatur
668 4264 817 4326 habitans
840 4266 1029 4341 Caesareae,
1051 4272 1083 4329 et
1106 4284 1145 4330 eo
1167 4268 1264 4330 modo
1284 4268 1478 4331 remittimur
1498 4269 1538 4330 ad
1559 4269 1633 4344 &40
1654 4273 1686 4330 et
1705 4272 1774 4341 6‚tt;
1798 4269 1838 4330 de

514 4360 664 4440 Philippo
677 4361 820 4443 apostolo
830 4364 945 4425 nullibi
957 4364 990 4425 in
1001 4367 1069 4426 Act.
1082 4364 1226 4446 (excepto
1239 4368 1366 4429 nomine
1379 4368 1461 4445 hta)
1475 4364 1524 4428 e'st
1535 4382 1659 4439 sermm
1674 4365 1837 4448 apostotus

515 4459 641 4528 att-tt
657 4460 848 4522 excluditur.
1633 4470 1635 4474 ‘
