4010 5474
890 438 894 444 ‚
994 430 1063 476 scr.
1088 415 1244 486 saeuas.
1319 396 1323 404 '
1727 421 1782 480 aar

456 569 565 638 sciens
585 583 718 638 teritum
741 567 912 655 baptisma
930 564 1094 649 Ioaam‘s,·
1108 564 1209 655 proin
1233 586 1273 630 cx
1297 562 1552 653 praedicatione
1574 568 1711 637 loannis
1729 568 1782 636 di-

456 676 588 745 dicerat
610 682 719 743 lesum
750 693 822 739 esse
848 670 1020 755 llessiam3
1041 692 1122 739 eum
1150 670 1268 762 itaque
1292 676 1330 738 ut
1352 669 1456 737 talem
1480 668 1626 739 docebat
1654 694 1781 760 magno

456 784 600 851 fervore.
626 816 671 829 -
699 782 804 855 Quem
827 800 963 846 versum
979 800 1164 870 perperam
1184 800 1257 845 esse
1280 779 1447 845 inscrtum
1471 777 1575 846 Weiss
1590 778 1781 847 contendit.

457 889 551 957 Ratio
565 891 631 967 est,
650 887 731 975 quia
748 889 822 968 lua
845 883 889 953 dc
907 884 1090 974 discipulis
1102 883 1237 950 loannis
1252 883 1301 950 ita
1315 889 1487 965 narratur,
1505 891 1544 950 ut
1561 884 1658 952 nullo
1679 884 1783 953 modo

456 992 585 1060 mentio
605 992 666 1059 fiat
689 991 793 1060 huiu's
819 990 981 1081 discipuli
1003 1011 1117 1079 neque
1136 988 1240 1055 buius
1266 990 1442 1057 conversio
1462 995 1688 1058 connectatur
1703 1013 1782 1060 cum

454 1099 594 1167 illorum
607 1100 841 1166 conversione.
857 1101 949 1175 Quae
961 1094 1051 1163 ratio
1064 1094 1221 1186 prolecto
1234 1095 1336 1163 valde
1350 1094 1489 1162 infirma
1500 1101 1562 1163 est.
1579 1100 1663 1163 Nam
1680 1097 1776 1187 quid,

455 1205 485 1274 si
497 1205 549 1273 illi
567 1205 729 1295 discipuli
743 1203 915 1294 Ephesum
930 1200 1107 1284 venerint,
1124 1206 1304 1291 postquam
1321 1201 1442 1292 Apollo
1453 1200 1513 1268 diu
1523 1201 1594 1269 iam
1609 1204 1783 1292 proiectus

455 1314 552 1381 erat?
575 1316 666 1390 Quae
694 1314 767 1376 erat
796 1309 980 1376 necessitas
1005 1308 1304 1376 commemorandi
1332 1307 1456 1398 prioris
1488 1306 1606 1380 illius?
1637 1313 1782 1399 Insuper

464 1418 568 1486 Weiss
582 1416 672 1483 male
690 1415 854 1505 supponit
875 1437 916 1482 cx
938 1413 1198 1505 praedicatione
1222 1412 1358 1481 loannis
1381 1435 1452 1481 non
1472 1413 1625 1504 potuisse
1642 1415 1727 1483 disci
1746 1419 1783 1486 τὰ

456 1529 525 1611 περὶ
538 1538 589 1599 τεῦ
611 1522 726 1606 'lacem
741 1541 828 1588 num
843 1519 935 1588 nihil
949 1519 993 1589 de
1013 1524 1088 1588 lesu
1099 1519 1239 1589 hlcssia?

500 1628 622 1720 Apollo
636 1629 753 1719 itaque
772 1633 883 1697 lesum
899 1649 971 1695 csse
989 1626 1142 1695 Messium
1158 1625 1293 1694 ludaeis
1305 1625 1531 1718 praedicabat
1550 1649 1677 1716 magna
1693 1629 1783 1696 fidu·

457 1735 559 1805 ciaet
576 1735 736 1804 libertate
758 1757 789 1800 v.
808 1740 851 1801 26
880 1732 937 1800 hic
951 1755 1031 1824 erqo
1051 1732 1163 1824 coepit
1176 1731 1390 1822 fiducialiter
1403 1754 1508 1823 aqcre
1527 1734 1565 1801 ia
1581 1757 1784 1827 synaqoqc;

455 1864 556 1934 quem
580 1863 657 1909 carm
683 1839 861 1909 audissent
881 1837 1044 1907 Priscilla
1064 1851 1098 1907 et
1121 1839 1251 1930 Aquila
1270 1852 1525 1930 assumpserant
1543 1862 1622 1908 cum
1645 1853 1678 1908 ct
1701 1840 1784 1909 dill-

455 1948 593 2040 qcntius
606 1953 838 2039 exposuerunt
850 1945 991 2014 eiciam
1004 1944 1169 2032 Domici;
1181 1966 1245 2037 per
1255 1947 1320 2014 hos
1330 1947 1445 2036 itaqua
1455 1946 1669 2038 praedicatio
1682 1970 1786 2017 evan·

455 2055 539 2145 gelii
560 2055 683 2146 Ephesi
695 2058 815 2144 coepta
830 2059 891 2122 est.
907 2057 980 2132 Qua
1001 2051 1179 2121 occasione
1194 2053 1317 2142 Apollo
1332 2052 1513 2121 consilium
1530 2054 1661 2145 ceperit
1678 2054 1785 2123 eundi

456 2160 677 2241 Corinthum,
701 2158 849 2228 traditur
871 2158 982 2227 altera
1003 2158 1151 2227 lectione
1173 2181 1181 2228 :
1212 2157 1322 2247 aliqui
1342 2158 1510 2226 Corinthii
1532 2152 1786 2228 commorantes

456 2268 597 2359 Ephesi,
615 2287 695 2335 cum
712 2286 792 2334 cum
809 2264 991 2333 docentem
1006 2264 1196 2348 audissent,
1214 2285 1295 2332 eum
1315 2263 1540 2334 hortabantur
1559 2272 1597 2335 ut
1614 2288 1728 2336 secum
1748 2268 1785 2336 in

455 2373 739 2465 patriamurbem
751 2372 1048 2463 proficisceretur3
1061 2371 1186 2462 annuit
1196 2370 1288 2462 ipsc;
1300 2369 1392 2440 unde
1405 2394 1437 2440 v.
1450 2377 1494 2438 27
1507 2394 1585 2440 cum
1595 2370 1710 2442 cutim
1721 2374 1787 2442 uel·

456 2480 503 2549 let
517 2480 567 2549 irc
580 2479 747 2548 Achaiam
766 2477 944 2547 exhortati
957 2478 1087 2567 fratres
1100 2477 1312 2569 scripserunt
1323 2476 1500 2570 discipulis
1515 2491 1556 2546 at
1573 2480 1785 2571 susciperent

428 2570 431 2576 ¹
457 2608 534 2653 eam
555 2591 795 2676 :perpepetrata
814 2583 838 2652 i.
856 2607 887 2651 e.
910 2584 985 2653 eius
1009 2583 1191 2653 consilium
1220 2584 1452 2674 approbantes
1476 2605 1556 2651 eum
1582 2586 1625 2652 ad
1651 2588 1784 2676 prolec-

457 2693 583 2760 tioncm
599 2690 775 2759 adhortati
794 2697 886 2757 sunt.
903 2695 954 2759 lta
974 2688 1133 2780 plerique
1151 2711 1269 2759 vocem
1285 2689 1439 2757 referunt
1457 2689 1554 2778 (cur.
1568 2696 1654 2783 Lap.
1670 2693 1780 2762 Calm.

456 2798 546 2869 Becl.
560 2801 653 2867 Patr.
667 2796 730 2865 rel
747 2796 785 2887 .),
798 2818 888 2888 quae
902 2797 1058 2887 acceptio
1067 2795 1177 2864 altera
1187 2794 1337 2864 lectione
1347 2796 1439 2863 clare
1451 2797 1688 2868 confirmatur.
1701 2806 1784 2869 Sunt

455 2906 642 2997 quivocem
653 2900 1456 2994 explicent:adhortatiscripseruutdiscipulis3
1467 2901 1785 2995 discipuloslittcris

455 3011 629 3081 adhortati
652 3016 748 3090 sunt,
774 3015 813 3075 ut
831 3029 912 3077 eum
936 3007 1027 3076 bene
1047 3007 1260 3097 susciperent
1278 3007 1439 3099 (Wcrtdt,
1467 3010 1598 3096 Weiss).
1619 3016 1783 3083 Neutrum

454 3116 625 3209 approbat
641 3113 692 3182 Bl.
703 3134 719 3200 ,·
731 3120 831 3206 putat
850 3135 965 3205 neque
985 3112 1029 3182 ad
1043 3113 1237 3204 apostolum
1252 3136 1366 3204 neque
1387 3115 1433 3182 ad
1451 3116 1645 3185 Corinthios
1663 3120 1785 3187 cohor-

455 3223 522 3294 tari
529 3221 709 3291 commode
718 3220 840 3289 relerri
851 3219 1150 3311 possemptissimc
1159 3219 1245 3288 verti
1252 3242 1322 3310 syr.
1332 3233 1599 3307 arrtcrertcrant,
1610 3224 1700 3293 utsit
1708 3224 1784 3294 lati·

454 3331 583 3400 numus
601 3333 795 3396 ante-verto
813 3358 855 3385 =
874 3337 1108 3416 spe-eptem.
1126 3330 1251 3395 Verum
1266 3326 1358 3396 uude
1380 3327 1461 3396 talis
1476 3329 1669 3398 latinismus
1687 3334 1781 3423 apud

456 3439 770 3506 bicaml'ceterum
779 3455 848 3522 syr.
862 3432 995 3520 legitur
1001 3431 1148 3501 verbum
1156 3447 1231 3501 nan
1241 3432 1337 3525 quod
1347 3433 1581 3527 lexicographi
1590 3437 1760 3527 explicant
1773 3463 1781 3508 :

456 3543 612 3621 incitare,
628 3540 808 3609 adhortari
828 3539 885 3629 (ci.
904 3541 1000 3606 Brun
1019 3561 1047 3608 s.
1064 3538 1127 3628 a).
1148 3537 1320 3608 Habemus
1337 3540 1396 3608 bic
1414 3540 1567 3631 primum
1586 3544 1780 3636 exemplum

456 3649 650 3718 litterarum
666 3647 896 3714 formatarum
908 3649 943 3714 et
954 3643 1344 3728 commendatoriarum,
1361 3646 1487 3736 quibus
1503 3655 1641 3739 praeter
1655 3651 1784 3720 litteras

457 3752 778 3825 communicatorias
791 3759 824 3820 et
838 3751 1051 3820 dimissorias
1063 3756 1194 3820 veteres
1208 3751 1370 3821 ecclesiae
1384 3751 1475 3821 inter
1488 3776 1523 3822 sc
1536 3758 1781 3826 commercium

457 3863 585 3931 habere
597 3859 759 3931 solebant
778 3859 838 3949 (cl.
857 3858 1042 3945 Binterim,
1060 3857 1414 3946 Denlrwttrdiglreitcn
1430 3867 1488 3943 5,2
1502 3884 1537 3951 p.
1555 3868 1638 3945 3593
1658 3864 1781 3954 Huic).

501 3974 609 4056 Atque
624 3965 744 4057 Apollo
762 3987 828 4056 pro
842 3963 1001 4033 doctrina
1017 3986 1080 4034 sua
1098 3970 1133 4032 et
1146 3964 1283 4033 terrore
1307 3986 1379 4034 rem
1394 3966 1617 4037 christianam
1635 3970 1782 4038 multum

456 4072 654 4167 promovit:
672 4093 749 4140 carra
767 4070 913 4139 venisset
927 4067 1075 4138 contulit
1084 4070 1233 4139 maltum
1248 4077 1425 4142 συνιεάλετο
1439 4074 1570 4162 proluit
1589 4075 1694 4164 (Beel.
1710 4076 1786 4161 lli:

455 4182 500 4250 ci.
518 4185 601 4271 Sap.
627 4180 700 4267 aa)
726 4176 779 4244 liis
802 4176 867 4268 qui
888 4175 1126 4263 crediderant;
1143 4177 1257 4246 valide
1282 4177 1374 4247 enim
1399 4200 1441 4248 ea
1464 4181 1636 4250 refutabat
1658 4184 1784 4274 quibus

456 4287 573 4356 ludaei
587 4285 709 4354 fideles
722 4282 872 4374 aggredi
887 4288 922 4352 el
939 4305 961 4352 a
974 4282 1045 4352 lide
1059 4287 1132 4352 lesu
1146 4292 1303 4354 avertere
1317 4285 1547 4371 conabantur3
1568 4310 1601 4357 v.
1624 4295 1666 4357 28
1687 4288 1784 4355 celw-

457 4408 588 4465 menter
606 4395 714 4478 enirn,
738 4397 866 4474 εὑτὲνως
892 4389 1020 4460 acriter
1042 4390 1135 4481 (Luc.
1158 4397 1275 4476 23,10,
1293 4393 1388 4479 vulg.
1410 4397 1617 4482 constanter)
1640 4395 1784 4465 [redares

457 4504 647 4572 revincebat
661 4508 936 4589 ὃιαγατηλίγχιτο,
953 4498 1101 4590 explieat
1117 4497 1196 4567 Cirr.
1209 4504 1382 4584 ἐπιστὸμιζι
1397 4521 1568 4569 oscorum
1583 4502 1780 4586 obturabat,

458 4609 503 4679 ad
536 4607 713 4676 silentium
748 4628 806 4675 cos
833 4603 1019 4693 adigebat,
1048 4604 1187 4697 publice
1210 4604 1389 4674 ostendens
1407 4629 1474 4700 per
1502 4608 1691 4700 scripturas
1716 4634 1785 4681 esse

460 4715 630 4785 Christum
645 4716 779 4799 Icsrcm;
794 4741 811 4776 a
829 4710 925 4804 quod
939 4710 1078 4802 publice
1092 4734 1150 4781 eos
1159 4710 1402 4801 redargueret,
1420 4712 1503 4782 binc
1517 4713 1644 4784 fiducia
1656 4717 1786 4809 (παρρη-

459 4824 519 4913 e'a)
535 4821 791 4904 ostendebatur,
812 4819 908 4912 quod
922 4819 1061 4903 acriter,
1077 4818 1130 4887 vis
1142 4818 1313 4903 enitebat,
1331 4819 1425 4911 quod
1441 4842 1481 4889 ex
1496 4820 1624 4892 divinis
1637 4825 1787 4916 scriptu-

833 4947 1033 4989 inermum.
1050 4960 1082 4974 ··
1098 4947 1127 4987 ll(
1142 4947 1219 4987 mli!
1234 4948 1329 4988 ΑΡΟΙΤ.
1343 4962 1376 4974 -
1391 4942 1419 4988 il
