4054 5442
982 346 1047 391 aer.
1070 328 1231 401 stat-at.
1710 332 1767 396 401

490 484 673 572 Apostolus
688 489 804 550 autem
823 502 891 548 non
912 479 1024 546 solum
1047 477 1120 544 eius
1133 474 1322 543 curiositati
1342 474 1507 542 satisfecit
1530 477 1703 548 disserens
1722 482 1766 548 de

445 589 512 656 lide
529 590 566 657 in
586 589 758 657 Christum
782 589 914 666 lesum,
932 604 1055 652 verum
1083 581 1188 650 etiam
1212 604 1253 649 ea
1275 579 1488 670 praedicavit
1510 582 1678 652 adulteris
1696 586 1766 655 illis

447 718 535 786 quae
550 715 619 760 non
641 696 896 781 exspectarant3
913 703 946 757 et
964 688 1100 757 audivit
1116 691 1159 756 ab
1181 710 1220 756 ea
1237 686 1342 778 fidem
1365 709 1454 777 picae
1468 700 1516 754 est
1534 687 1571 755 ia
1596 687 1767 758 Christum

445 802 577 884 lesum,·
595 796 696 887 proin
717 798 815 888 prius
834 797 990 887 exposuit
1011 801 1120 864 lesum
1141 817 1212 862 esse
1233 816 1352 861 revera
1373 794 1522 862 Messium
1545 795 1644 862 illum
1665 817 1768 886 quem

447 904 586 972 ludaeos
599 908 793 994 exspectare
807 904 954 972 Drusilla
965 903 1078 984 novit3
1095 901 1155 968 sed
1168 900 1270 967 simul
1284 901 1386 967 huius
1401 905 1474 991 lesu
1483 900 1676 969 doctrinam
1690 923 1769 992 prc-

445 1009 558 1100 posuit
574 1032 651 1078 eam
672 1033 742 1102 qua
761 1009 974 1079 conscientia
994 1009 1174 1098 utriusque
1198 1011 1436 1098 percuteretur
1455 1029 1488 1074 v.
1512 1012 1555 1076 25
1569 1007 1769 1100 disputante

447 1129 563 1184 autem
578 1115 638 1186 illa
654 1116 696 1185 a'e
712 1116 848 1183 iustitia
867 1119 964 1183 -et
987 1112 1080 1182 Felix
1105 1135 1169 1204 per
1188 1134 1325 1181 omnem
1344 1112 1521 1180 saevitiam
1535 1119 1569 1181 et
1585 1113 1768 1194 libidinem

446 1224 498 1292 ius
516 1223 652 1310 regium
672 1219 787 1290 servili
805 1219 948 1308 ingenio
972 1218 1123 1288 exercuit
1144 1218 1304 1309 (Tacitus,
1320 1219 1401 1285 llist.
1419 1218 1490 1308 5,9)
1512 1232 1546 1287 et
1566 1221 1723 1288 castitate
1737 1233 1770 1289 et

448 1326 490 1396 ele
513 1327 643 1395 iudicio
663 1327 788 1413 futtuo
812 1327 1035 1416 tremefactus
1059 1324 1159 1392 Felix
1181 1322 1358 1415 respondit
1377 1344 1388 1391 .·
1408 1322 1505 1414 quod
1529 1348 1623 1392 nunc
1645 1327 1770 1395 attinet

448 1433 533 1501 vade
540 1455 552 1517 ;
566 1447 715 1522 tempore
726 1445 842 1501 autent
856 1444 1050 1524 opportuna
1065 1452 1238 1523 accersam
1256 1442 1310 1515 tc,·
1322 1428 1402 1498 talis
1417 1430 1573 1498 doctriua
1586 1431 1631 1500 de
1645 1432 1772 1499 divinis

449 1537 619 1607 mandatis
633 1545 666 1606 et
682 1538 725 1607 de
747 1561 868 1608 severo
884 1538 944 1606 Dei
961 1538 999 1606 iu
1017 1543 1216 1629 peccatores
1237 1536 1366 1622 iudicio
1388 1542 1422 1604 et
1443 1537 1611 1629 supplicio
1629 1544 1771 1607 aeterno

448 1645 549 1713 Felici
563 1666 655 1712 nova
669 1650 744 1712 erat
755 1644 911 1734 adeoque
926 1648 1095 1711 terrorem
1106 1644 1138 1710 ei
1152 1642 1310 1726 incussit;
1327 1646 1362 1710 at
1375 1644 1601 1712 conscientiae
1615 1644 1773 1714 stimulos

449 1753 638 1842 reprimens
659 1750 845 1818 molestum
875 1749 1149 1841 praedicatorem
1184 1754 1298 1817 tacere
1328 1754 1363 1815 et
1395 1748 1493 1816 abire
1524 1749 1637 1832 iubet,
1669 1751 1772 1819 simul

449 1879 564 1925 coram
585 1879 626 1924 eo
651 1861 821 1924 terrorem
835 1856 902 1924 sibi
922 1856 1097 1926 incussum
1121 1853 1340 1923 dissimulare
1365 1859 1516 1939 tentans,
1544 1876 1623 1924 cum
1645 1855 1769 1925 dicat:

448 1970 583 2053 tempus
596 1967 832 2054 opportunum
854 1965 976 2030 nactus
998 1961 1045 2029 ad
1070 1982 1125 2030 me
1140 1983 1311 2030 accersam
1328 1961 1595 2051 (patientientiae)
1610 1968 1656 2030 te.
1679 1961 1772 2030 Nihil

448 2068 587 2137 additur
598 2069 641 2135 de
654 2065 817 2151 DruSilla3
838 2068 903 2159 ipsi
918 2066 1084 2135 mandata
1107 2065 1167 2134 [tei
1185 2089 1258 2134 non
1277 2073 1377 2134 erant
1390 2066 1569 2152 incognita
1587 2089 1700 2158 neque
1718 2068 1773 2134 iu·

448 2174 575 2242 dicium
593 2177 761 2241 futurum.
777 2172 872 2242 Unde
892 2174 1036 2241 fortasse
1061 2171 1114 2240 illi
1132 2171 1256 2240 accidit
1273 2172 1366 2262 quod
1380 2172 1617 2263 peccatoribus
1636 2179 1670 2240 et
1687 2194 1772 2264 apo-

448 2282 543 2349 statis
557 2281 692 2349 evenire
707 2279 811 2362 solet,
828 2285 866 2348 ut
879 2278 1014 2348 animos
1022 2284 1148 2368 gerant
1164 2278 1265 2368 plane
1279 2277 1465 2347 obduratos
1481 2301 1595 2370 neque
1607 2279 1678 2349 ulla
1691 2279 1772 2347 doc·

448 2389 538 2455 trina
551 2388 620 2455 iam
636 2392 836 2475 tangantur.
1113 2373 1117 2380 ’

491 2497 610 2560 Terror
623 2493 683 2560 ille
701 2492 806 2560 ctiam
821 2491 916 2580 apud
929 2489 1075 2559 Felicem
1093 2490 1191 2559 brevi
1209 2490 1301 2558 mala
1322 2490 1510 2581 cupiditate
1528 2491 1637 2559 victus
1660 2497 1694 2559 ct
1717 2514 1773 2561 ex·

447 2599 590 2666 stinctus
604 2604 665 2666 cst.
690 2596 855 2664 Audierat
874 2596 918 2669 de
941 2595 1166 2684 elecmosynis
1191 2617 1278 2686 quas
1292 2595 1415 2663 Paulus
1428 2618 1492 2686 pro
1515 2596 1593 2664 aliis
1611 2597 1768 2686 collegit;

449 2706 543 2773 novit
562 2726 640 2772 eum
661 2704 840 2771 doctorem
865 2701 1040 2790 insignem
1062 2700 1242 2790 religionis
1261 2702 1485 2785 christianae;
1502 2703 1641 2772 videbat
1656 2704 1770 2772 studia

449 2813 636 2879 amicorum
659 2811 693 2877 in
718 2831 811 2877 eum.
843 2813 913 2876 lam
934 2808 1046 2899 isqui
1076 2830 1140 2899 pro
1161 2807 1238 2876 aliis
1261 2807 1407 2875 multum
1431 2811 1600 2898 pecuniae
1619 2812 1768 2901 accepit,

447 2918 599 3008 prolecto
613 2937 677 3005 pro
691 2938 728 2983 se
748 2915 795 2982 ad
819 2913 1015 2982 libertatem
1040 2914 1224 2982 emendam
1241 2912 1428 3004 plurimam
1448 2917 1574 3005 poterit
1593 2917 1768 3007 accipere;

449 3023 538 3090 unde
555 3044 586 3088 v.
604 3019 815 3088 assimulat
832 3040 974 3112 sperans
986 3017 1083 3111 quad
1095 3019 1250 3112 pecunia
1265 3020 1300 3087 ei
1314 3017 1454 3088 daretur
1479 3020 1646 3108 aPaala,·
1659 3043 1772 3114 neque

448 3151 524 3197 euna
545 3128 668 3218 puduit
680 3127 716 3194 id
733 3126 839 3194 Panlo
851 3126 1045 3209 insinuare,
1065 3131 1104 3194 ut
1117 3125 1191 3194 scil.
1208 3125 1403 3194 libertatem
1419 3129 1566 3217 pecunia
1581 3136 1769 3210 coemeret;

447 3233 621 3302 indicatur
635 3234 727 3300 onim
744 3234 811 3300 hoc
828 3256 836 3301 :
851 3229 1103 3323 propterquod
1119 3232 1201 3322 quia
1212 3232 1375 3321 sperabat
1393 3233 1577 3323 pecuniam
1598 3234 1665 3302 sibi
1678 3237 1768 3320 dari,

448 3350 489 3409 διε
505 3348 553 3408 ml
565 3347 602 3407 ut
616 3339 757 3407 illiceret
777 3337 877 3407 illum
890 3338 935 3406 ad
950 3359 986 3406 se
1000 3338 1148 3429 pecunia
1162 3338 1402 3429 temptandum
1417 3339 1501 3426 (Bl.)
1519 3352 1552 3406 et
1566 3344 1770 3432 frequenter

448 3468 620 3513 accersens
630 3468 706 3511 eum
736 3444 942 3534 loquetatur
956 3466 1033 3511 cum
1048 3464 1109 3530 ea,·
1135 3466 1256 3512 verum
1272 3445 1395 3512 Paulus
1408 3466 1504 3535 spem
1524 3445 1646 3514 fefellit
1658 3470 1722 3516 nec
1736 3471 1771 3517 se

448 3552 593 3643 pecunia
608 3550 779 3619 redimere
791 3548 917 3635 voluit,
934 3572 1054 3619 verum
1071 3572 1107 3618 se
1121 3555 1156 3619 et
1168 3551 1259 3618 vitae
1273 3573 1354 3618 suae
1363 3551 1515 3619 rationes
1527 3551 1665 3622 divinae
1679 3577 1769 3623 com-

448 3659 538 3726 misit
559 3656 775 3748 dispositioni
798 3656 947 3725 libenter
964 3664 1106 3747 portans
1131 3679 1270 3748 quoque
1289 3658 1520 3746 captivitatem
1541 3682 1606 3749 pra
1629 3663 1769 3729 nominc

449 3768 535 3832 lesu.
551 3764 641 3831 Felix
656 3769 772 3830 autem
784 3785 843 3853 spe
858 3763 1025 3854 pecuniae
1037 3762 1175 3830 tandem
1189 3763 1409 3854 accipiendae
1423 3771 1540 3854 captus
1554 3767 1667 3834 noluit
1679 3767 1770 3836 altc-

449 3892 521 3937 ram
542 3868 801 3958 inquisitionem
825 3867 1021 3949 instituere,
1047 3867 1098 3936 nti
1119 3890 1152 3936 r.
1179 3874 1223 3935 Ἠ
1243 3870 1464 3959 promiserat,
1490 3871 1648 3961 quamvis
1668 3895 1771 3962 syne-

447 3975 572 4042 rlrislao
586 3973 722 4065 saepius
737 3981 934 4057 monerent,
949 3973 1001 4041 uti
1019 3972 1255 4061 colligendam
1270 3980 1320 4042 est
1337 3996 1378 4041 ex
1392 3981 1484 4059 Μ,
1502 3976 1583 4066 quia
1602 3977 1677 4047 scil.
1699 3986 1770 4049 sta·

449 4084 508 4149 tim
525 4102 754 4149 successorem
768 4079 888 4148 Felicis
901 4078 1030 4148 meunt
1047 4080 1121 4149 eius
1135 4080 1346 4170 postulantes
1357 4103 1458 4172 opem
1472 4088 1591 4151 contra
1605 4085 1767 4171 Paulum;

447 4185 1439 4278 rsithierrrtiaautemespletaaccepitsuccessaremFelix
1451 4189 1605 4258 Porcium
1615 4194 1772 4279 Festum;

449 4295 585 4384 quando
600 4295 635 4361 id
650 4292 765 4374 tuerit,
783 4292 862 4360 vide
878 4292 1012 4379 Proleg.
1025 4314 1060 4383 p.
1080 4298 1119 4361 tt
1132 4315 1204 4384 seq.
1222 4294 1362 4362 Videtur
1378 4294 1466 4362 Felix
1484 4296 1594 4382 egisse
1609 4299 1768 4367 eomodo

448 4422 549 4490 quem
569 4400 605 4468 iu
624 4400 747 4468 Albino
771 4397 933 4489 Iosephus
953 4399 1118 4468 describit
1146 4422 1155 4471 ε
1178 4399 1208 4468 is
1227 4400 1338 4468 solum
1360 4401 1420 4491 qui
1448 4400 1535 4467 nibil
1558 4401 1707 4472 dedisset
1731 4407 1768 4475 in

448 4506 641 4575 carceribus
651 4513 829 4597 tamquam
846 4505 1021 4574 maleficus
1034 4506 1250 4575 retinebatur
1261 4506 1356 4597 (Bell.
1372 4506 1445 4576 iud.
1461 4509 1610 4600 2,tt,1);
1628 4510 1771 4603 insuper

451 4612 594 4681 maxime
611 4621 699 4696 erat,
717 4636 781 4681 cur
805 4611 1020 4681 desideraret
1038 4611 1074 4679 id
1094 4613 1208 4682 lacere
1226 4613 1320 4704 quod
1343 4618 1481 4700 gratum
1504 4621 1592 4682 esset
1613 4616 1767 4704 ludaeis;

450 4720 563 4788 calcus
582 4731 696 4788 autem
715 4719 870 4810 qratiam
877 4731 1057 4811 praestare
1071 4716 1211 4787 Ittdaet's
1226 4718 1341 4804 Felix,
1358 4719 1499 4811 reliquit
1516 4722 1664 4791 Paulum
1674 4725 1770 4796 ciac·

824 4848 1016 4887 ΙΜΒΕΒΒΑΠΕΙ.
1032 4861 1065 4873 ··
1080 4847 1107 4886 ll(
1122 4846 1202 4888 ΑΒΜ
1217 4847 1304 4886 ΔΡΟΠ.
1318 4861 1349 4873 -·
1365 4839 1396 4886 26
