4054 5442
1000 373 1068 418 scr.
1093 357 1216 426 aaa-3.
1715 360 1771 420 381

447 510 512 578 ieci
528 511 559 600 (l
574 510 659 579 lim.
678 509 789 600 1‚13);
818 505 1027 600 praeprimis
1045 507 1162 571 cutem
1184 503 1223 572 id
1245 505 1365 573 asserit
1385 506 1519 574 rationo
1538 508 1659 576 habita
1673 530 1776 597 syne-

446 616 629 686 dristarum
655 616 698 683 de
727 637 789 685 sua
811 616 883 682 vita
903 619 1086 704 postquam
1110 631 1310 699 synagogae
1332 617 1368 679 et
1392 610 1564 678 ludaismo
1589 612 1772 697 valedixit;

446 723 536 791 hanc
547 725 640 790 enim
654 728 790 813 partem
803 722 896 788 vitae
910 718 983 786 eius
997 714 1188 804 culpabant
1200 717 1389 786 adversarii
1407 716 1540 806 (lieet).

490 835 650 897 Summus
669 827 845 910 sacerdos,
862 826 934 893 iam
947 827 1050 889 antea
1061 822 1096 887 in
1117 824 1263 892 Paulum
1283 824 1452 907 infensus,
1466 822 1634 892 facillime
1648 822 1777 892 offendi

445 939 596 1023 poterat,
616 933 710 1025 quod
724 931 896 1001 Paulusin
910 926 1052 997 exordio
1075 929 1243 998 sermonis
1261 953 1333 998 non
1347 931 1427 999 satis
1444 929 1652 1017 dignitatem
1669 928 1777 1018 ipsius

447 1041 661 1127 observasset
668 1039 724 1107 vel
739 1036 833 1130 quod
848 1033 1112 1124 compellatione
1125 1035 1274 1103 fratrum
1291 1037 1395 1105 nimis
1405 1036 1625 1105 familiariter
1638 1057 1718 1103 rens
1731 1034 1776 1102 ad

445 1146 575 1215 iudices
592 1145 728 1214 locutus
739 1147 826 1212 esset
839 1140 895 1207 vel
910 1138 1006 1229 quod
1023 1139 1163 1209 dixisset
1174 1163 1210 1209 se
1225 1142 1262 1209 in
1284 1142 1448 1209 omnibus
1462 1149 1555 1211 recte
1569 1163 1688 1211 eoram
1708 1146 1775 1210 Deo

415 1286 418 1292 >
444 1253 553 1321 vitam
572 1251 776 1329 instituisse,
794 1268 864 1336 qua
885 1245 1117 1315 affirmatione
1143 1245 1273 1335 agendi
1296 1233 1440 1314 modum
1462 1247 1671 1316 ludaeorum
1695 1270 1776 1316 con·

444 1357 622 1426 demnavit
646 1355 704 1445 (el.
729 1352 840 1423 cum.
862 1352 979 1442 Feli).
1001 1355 1169 1438 Herodes,
1190 1352 1366 1443 Agrippas
1390 1351 1545 1420 deluneti
1574 1354 1693 1437 irater,
1718 1354 1776 1423 cui

423 1472 425 1475 ’
445 1462 645 1530 commissus
663 1467 738 1528 erat
752 1459 923 1528 Chalcidis
937 1459 1165 1551 principatus,
1182 1458 1432 1549 impetraverat
1444 1481 1466 1526 a
1478 1457 1622 1527 Claudio
1637 1466 1776 1549 praeter

445 1567 586 1636 alisius
607 1566 748 1636 creandi
767 1587 918 1635 summos
936 1564 1149 1644 sacerdotes;
1167 1565 1355 1633 summovit
1377 1587 1398 1632 a
1415 1563 1608 1633 sacerdotio
1627 1563 1774 1632 Canthe-

446 1697 508 1743 ran
520 1681 555 1743 et
566 1674 602 1743 in
615 1659 688 1743 eius
701 1674 819 1741 locum
831 1671 1004 1740 substituit
1015 1671 1201 1761 losephum
1216 1671 1312 1740 Carni
1320 1671 1432 1741 lilium
1449 1672 1638 1762 (Iosephus,
1654 1670 1771 1762 antiq.

444 1781 592 1872 20,l,3);
610 1780 643 1849 ei
661 1779 891 1849 sacerdotium
905 1778 1032 1846 iterum
1048 1777 1189 1845 abstulit
1200 1777 1308 1869 idque
1327 1777 1476 1846 contulit
1488 1777 1643 1846 Ananiae
1661 1778 1774 1847 Nebe-

444 1888 522 1956 daei
539 1888 611 1954 filio
628 1886 667 1976 (l.
685 1909 715 1954 c.
733 1890 869 1969 uo,5‚2;
883 1884 928 1952 ci.
944 1890 1074 1967 20,6,2.
1093 1883 1178 1952 Bell.
1192 1884 1265 1954 iud.
1281 1885 1426 1976 2126).
1447 1885 1548 1952 Viris
1566 1889 1639 1953 erat
1651 1906 1775 1953 avarus

444 1999 478 2061 et
489 1994 604 2075 seron
621 1992 732 2061 missis
745 1992 815 2060 suis
834 1989 942 2058 servis
963 1989 1115 2058 decimas
1133 1989 1373 2059 sacerdotibus
1393 1991 1429 2057 vi
1447 1990 1655 2059 auferendas
1673 2013 1773 2058 cura-

443 2099 519 2181 bat,
541 2098 600 2188 qui
627 2099 712 2166 dare
737 2095 957 2177 recusabant,
975 2094 1190 2185 vapulabant
1210 2095 1341 2185 (antiq.
1362 2095 1507 2183 1193).
1530 2096 1637 2163 Gessit
1655 2097 1771 2186 ponti-

443 2205 579 2272 ficatum
595 2203 688 2271 circa
704 2207 809 2271 ter-59
826 2199 989 2291 (Scittrcr
1008 2204 1036 2268 ll
1055 2222 1091 2290 p.
1113 2199 1205 2291 170);
1218 2223 1252 2269 r.
1265 2207 1287 2268 2
1295 2200 1460 2292 princeps
1478 2213 1595 2268 utitem
1613 2199 1771 2269 sacerdo·

443 2325 515 2378 lum
535 2308 691 2378 Ananias
713 2306 892 2398 praecepit
914 2306 1106 2375 astantibus
1129 2307 1197 2375 sibi
1212 2320 1395 2399 percutere
1421 2330 1457 2375 os
1481 2308 1577 2394 eius;
1595 2308 1773 2400 praecepit

443 2417 623 2498 ministris3
644 2413 921 2508 percusserintne
943 2435 1013 2482 uon
1030 2412 1158 2505 liquet;
1176 2413 1296 2482 aderat
1319 2414 1482 2482 tribunus
1498 2415 1559 2505 qui
1580 2413 1618 2482 id
1639 2420 1773 2483 arceret

443 2523 535 2613 (Bi).
557 2528 673 2614 Neque
690 2521 815 2591 Paulus
833 2520 903 2588 tale
922 2517 1128 2588 mandatum
1147 2520 1225 2588 dari
1243 2521 1335 2588 ferre
1355 2525 1492 2609 poterat
1509 2519 1662 2600 silentio;
1686 2519 1772 2588 alias

442 2631 533 2696 enim
549 2627 819 2719 contemptibilis
832 2625 994 2695 evasisset
1013 2625 1175 2709 tribuno,
1191 2627 1219 2694 si
1239 2647 1274 2693 se
1292 2626 1391 2716 quasi
1409 2647 1548 2693 servum
1569 2623 1672 2716 alapa
1690 2647 1770 2717 per·

442 2721 511 2803 culi
527 2735 628 2804 tacite
644 2733 867 2825 permisisset,
888 2731 940 2799 uti
953 2732 1042 2800 bene
1061 2738 1161 2800 notat
1178 2731 1257 2801 Chr.
1275 2731 1457 2823 :alioquin
1476 2731 1616 2799 nolebat
1631 2730 1772 2800 tribuno

444 2847 697 2930 εὖκαταφρὲνητσς
716 2858 841 2927 φανῆναι
856 2837 949 2928 (sim.
970 2838 1078 2925 Oea).
1093 2841 1179 2906 Nam
1199 2859 1346 2928 persona
1365 2859 1471 2927 quam
1491 2838 1647 2924 gerebat,
1668 2860 1773 2906 causa

442 2968 547 3037 quam
569 2944 792 3029 defendebat,
812 2964 885 3011 nou
903 2942 1126 3034 patiebantur
1148 2949 1187 3011 ut
1212 2942 1381 3011 honorem
1405 2965 1507 3011 suum
1526 2944 1721 3032 negligeret
1740 2950 1774 3012 et

442 3052 559 3142 inique
584 3072 701 3120 secum
722 3050 781 3138 agi
805 3050 1038 3140 permitteret,
1061 3049 1148 3138 quin
1172 3047 1294 3116 saltem
1315 3047 1522 3117 adversariis
1544 3049 1615 3117 suis
1640 3048 1769 3140 iniqui-

440 3165 546 3226 tatem
560 3158 711 3249 ipsorum
726 3154 921 3224 ostenderet
937 3153 1092 3245 (Calm.).

487 3269 556 3332 lam
572 3269 704 3331 veteres
716 3261 842 3352 aliqui,
862 3263 914 3330 uti
936 3259 1091 3330 Sancte:
1109 3260 1165 3351 (cl.
1190 3259 1306 3351 Lan),
1330 3260 1531 3329 Menoetius
1538 3314 1549 3346 ,
1574 3261 1710 3329 Tirinus
1736 3271 1770 3330 et

442 3369 663 3449 recentiores,
682 3367 734 3435 uli
749 3369 838 3437 Felt.
852 3366 942 3435 Bels.
959 3366 1028 3448 BL,
1044 3374 1137 3435 recte
1152 3366 1367 3435 concludunt
1380 3391 1420 3435 ex
1434 3389 1468 3437 v.
1485 3375 1504 3435 3
1525 3375 1559 3435 et
1575 3375 1609 3451 5,
1625 3368 1770 3437 Paulum

441 3475 576 3544 audisse
590 3474 732 3566 quidem
749 3474 819 3541 talc
837 3478 1061 3565 praeceptum
1086 3471 1164 3540 dari
1180 3494 1292 3563 neque
1316 3477 1433 3540 tamen
1458 3473 1496 3540 in
1524 3472 1585 3540 illo
1610 3496 1770 3542 consessu

440 3583 589 3673 potuisse
603 3580 815 3668 distinguere
829 3600 851 3647 1
865 3601 934 3669 quo
949 3578 1070 3647 datum
1084 3584 1172 3647 essct
1190 3602 1231 3647 ex
1252 3577 1469 3667 synedristis3
1488 3602 1521 3647 v.
1543 3586 1564 3647 3
1583 3593 1663 3647 tanc
1679 3583 1770 3649 Pou-

442 3687 494 3756 lus
510 3687 597 3755 dien
610 3686 660 3754 ud
675 3708 769 3771 curru,
786 3685 908 3776 utique
927 3684 972 3753 ad
993 3684 1164 3753 Ananiam
1183 3685 1244 3776 qui
1261 3685 1335 3753 scil.
1360 3685 1524 3769 iusserat3
1541 3692 1577 3753 11
1591 3686 1769 3756 iubentem

440 3816 511 3862 esse
529 3793 698 3863 Ananiam
722 3791 899 3880 ignoravit
919 3791 1063 3875 Paulus;
1092 3791 1185 3859 unde
1207 3791 1256 3858 nd
1276 3813 1355 3859 eum
1378 3813 1418 3858 ex
1447 3798 1566 3860 mente
1592 3791 1772 3884 scriptoris
1806 3805 1811 3813 ’

441 3899 592 3983 additur,
611 3920 680 3966 nou
696 3920 736 3966 ex
749 3897 894 3967 seientia
915 3897 1010 3965 Pauli
1030 3898 1202 3987 percutiet
1221 3910 1253 3965 te
1273 3900 1379 3983 Deus,
1398 3905 1519 3981 nitier,
1538 3920 1610 3965 non
1633 3905 1684 3966 est
1704 3898 1771 3966 im·

440 4006 608 4097 precatio,
622 4003 682 4073 sed
697 4003 919 4073 comminatio
933 4003 1072 4071 dirinae
1086 4005 1278 4094 punitionis
1291 4008 1434 4095 propter
1452 4003 1618 4072 iniuriam
1635 4012 1669 4072 et
1680 4005 1772 4073 iniu-

440 4112 580 4196 stitiam,
594 4132 732 4204 quamn
751 4115 820 4178 Deo
834 4132 907 4178 non
919 4108 1072 4202 relinqui
1087 4109 1295 4203 impunitam
1306 4110 1431 4178 Paulus
1446 4110 1512 4178 sibi
1527 4112 1684 4179 conscius
1698 4118 1767 4193 est,

440 4218 534 4289 unde
548 4240 666 4287 eavox
684 4215 788 4286 etiam
803 4216 1005 4307 prophetica
1015 4214 1143 4286 dicitur
1158 4217 1217 4308 (ci.
1235 4216 1310 4286 Gai.
1327 4215 1438 4285 Salm.
1454 4216 1565 4286 Calin.
1579 4216 1666 4285 Falt.
1679 4216 1768 4286 Bels.

446 4324 580 4413 Wendt)
604 4331 640 4392 et
661 4323 749 4392 bene
773 4323 844 4392 iam
866 4320 961 4390 Reda
979 4321 1123 4391 adnotat
1146 4343 1154 4390 :
1178 4350 1196 4385 «
1217 4345 1287 4391 non
1306 4323 1392 4391 dixit
1409 4325 1594 4413 percuriat,
1618 4324 1678 4392 sed
1690 4347 1771 4415 per·

440 4432 564 4518 cutiet,
579 4429 768 4500 indicativo
790 4428 912 4520 utique
935 4427 1039 4497 modo
1058 4429 1126 4498 boo
1154 4430 1265 4521 ipsum
1288 4430 1444 4499 futurum
1464 4429 1679 4518 significans,
1696 4452 1767 4498 nou

440 4539 592 4628 optativo
610 4535 821 4605 maledicens
846 4562 882 4620 n,
907 4535 945 4603 id
966 4535 1187 4626 quodetiam
1210 4535 1324 4624 magis
1347 4537 1440 4605 valet
1461 4534 1506 4604 de
1524 4542 1616 4605 teitu
1639 4558 1765 4625 gracco

442 4652 549 4727 μέλλει
566 4643 590 4710 i.
612 4666 644 4713 c.
670 4648 764 4711 certo
777 4647 811 4711 te
831 4641 1018 4733 percutiet;
1036 4643 1153 4733 pnn'es
1180 4641 1337 4711 dealbate
1363 4643 1407 4710 ci.
1436 4643 1554 4713 ilatth.
1579 4642 1766 4727 13,11;ί11

439 4750 587 4820 iudicem
604 4749 703 4818 illum
725 4756 841 4834 vocat,
862 4747 959 4840 quod
988 4748 1174 4839 splendida
1192 4751 1307 4842 specie
1327 4748 1507 4840 praeditus
1537 4755 1623 4819 esset
1645 4755 1765 4841 utpote
