4010 5474
1038 389 1106 432 ier.
1131 371 1233 444 1631.

1741 378 1799 439 987

475 524 516 603 εἰς
528 531 562 590 τό
581 526 685 608 ξύλον,
711 525 746 589 in
761 542 909 588 nervum
925 519 1043 609 (νέρθεν
1060 519 1169 610 θύει),
1187 520 1211 586 i.
1226 541 1257 586 e.
1271 518 1306 584 in
1323 522 1486 585 truncum
1506 518 1693 591 habentem
1708 526 1801 595 sora-

474 627 584 713 mina‚
602 629 728 720 quibus
741 625 844 716 pedes
862 625 1141 694 immittebantur
1162 630 1196 693 ei
1222 625 1337 692 nervis
1356 622 1462 691 vincti
1482 623 1798 714 adstringebantur.

463 740 524 804 ita
537 757 618 802 sane
635 731 747 800 omnis
759 731 845 819 fuga
859 731 913 800 vei
933 755 1005 801 sese
1020 732 1191 801 hberandi
1215 753 1292 823 spes
1308 730 1378 799 illis
1392 729 1621 800 adimebatur.
1643 739 1689 801 ite
1709 737 1802 827 hisce

472 832 594 909 scribit
613 837 737 905 Paulus
755 839 1146 908 Thessalonicensibus:
1172 842 1251 906 ante
1277 836 1368 927 passi
1394 842 1427 904 et
1453 840 1670 908 contumeliis
1690 841 1803 911 affecti

473 946 573 1034 (sicut
596 943 700 1033 scitis)
715 944 752 1013 in
772 945 941 1036 Philippis
953 945 1117 1012 fiduciam
1140 943 1327 1011 habuimus
1346 943 1382 1008 in
1396 948 1464 1010 Dec
1488 952 1605 1012 nostro
1624 947 1655 1036 (1
1686 948 1798 1017 Thess.

473 1054 557 1141 Μ).
576 1055 646 1119 iam
662 1046 823 1142 coeptum
843 1057 892 1119 est
911 1050 1054 1141 impleri
1071 1049 1159 1118 iliud
1176 1070 1185 1118 ε
1205 1047 1379 1138 egoenim
1399 1049 1579 1118 ostendam
1599 1051 1652 1119 iili
1671 1062 1801 1143 quanta

362 1184 366 1190 ·
471 1164 628 1250 bporteat
642 1180 722 1226 eum
736 1180 800 1248 pro
819 1158 961 1225 nomine
982 1177 1060 1225 meo
1072 1157 1146 1247 pati
1162 1155 1282 1247 (9,i6).

811 1390 839 1457 d)
858 1391 1066 1444 Liberantur
1085 1403 1103 1442 a
1123 1403 1264 1443 carcere
1286 1389 1458 1455 tuac-40.

509 1576 597 1640 tais.
615 1577 707 1629 Media
730 1582 823 1629 cirtem
844 1580 941 1639 nocte,
958 1575 1064 1628 Paulus
1083 1578 1112 1629 et

471 1666 544 1717 Silas
568 1672 682 1718 orantes
705 1667 858 1718 laudabant
881 1667 986 1727 Deum;
1008 1668 1036 1717 et
1060 1679 1111 1717 au-

469 1756 583 1807 diebant
606 1769 670 1817 ecs,
691 1758 739 1821 qui
760 1757 789 1805 in
806 1755 933 1807 custodia
952 1758 1042 1806 arant.
1064 1753 1109 1806 tc.

471 1843 568 1896 Subito
586 1857 654 1895 vcro
669 1850 761 1895 terrac
779 1848 872 1895 motus
886 1843 977 1896 iactus
990 1851 1034 1895 est
1049 1856 1109 1894 ma·

469 1946 555 1996 gnus,
583 1934 623 1983 ita
656 1939 687 1984 ut
714 1938 895 1985 moverentur
926 1932 1111 1984 laniamenta

469 2022 598 2073 carceris.
619 2021 655 2073 Et
678 2023 773 2073 statim
802 2023 898 2087 aperta
925 2024 992 2072 sunt
1015 2022 1111 2072 omnia

468 2113 553 2171 csiia3
584 2116 613 2161 et
642 2111 836 2162 universorum
873 2111 987 2162 vincula
1017 2109 1111 2161 soluta

469 2205 543 2249 sunt.
568 2198 616 2251 27,
649 2199 869 2264 Expergeiactus
894 2204 989 2250 autem
1013 2203 1111 2251 custos

468 2289 601 2349 carceris,
622 2293 651 2339 et
671 2288 771 2340 videns
792 2290 891 2339 ianuas
916 2290 1028 2353 apertas
1047 2301 1109 2340 ear-

467 2378 552 2439 ceris,
568 2379 720 2441 evaginato
733 2376 828 2442 gladio
844 2377 957 2429 volebat
974 2390 1007 2429 sa
1021 2378 1109 2430 inter·

469 2464 565 2526 ficere,
591 2466 744 2517 aestimans
776 2466 882 2530 tugtsse
912 2469 1032 2518 vinctos.
1062 2466 1107 2519 28.

469 2554 607 2606 Clamavit
635 2562 729 2605 autem
761 2555 865 2607 Paulus
898 2568 969 2607 voce
1005 2568 1110 2620 magna

468 2643 564 2694 dicens
582 2656 588 2691 ε
605 2643 682 2693 Nihil
696 2643 746 2693 tibi
759 2642 826 2694 mali
841 2643 941 2695 leceris
957 2658 964 2694 :
982 2645 1109 2696 universi

467 2733 543 2784 enim
562 2731 608 2781 hic
629 2745 736 2783 sumus.
756 2732 798 2783 29.
816 2732 964 2797 Petitoque
985 2732 1107 2795 lumine,

468 2822 657 2885 introgressus
678 2825 735 2882 est;
761 2826 789 2873 et
812 2820 991 2873 tremefactus
1014 2822 1108 2887 proci·

468 2909 508 2960 dit
523 2910 611 2961 Paulo
626 2913 655 2961 et
670 2909 747 2961 Silae
762 2909 798 2961 ad
811 2910 909 2974 pedes.

504 2998 546 3049 ³0.
564 2997 599 3048 Et
618 2998 778 3063 producens
799 2998 953 3061 castoras,
970 2988 1010 3049 ali
1025 3012 1032 3048 :
1048 3000 1107 3051 Do·

468 3089 549 3148 mim,
566 3086 634 3151 quid
655 3099 700 3138 me
719 3089 829 3151 oportet
847 3087 941 3139 iacere
957 3091 988 3138 ut
1010 3088 1108 3139 salvus

467 3173 549 3225 fiam?
573 3175 617 3226 31.
643 3177 680 3226 λι
708 3175 749 3225 1111
774 3175 905 3227 dixerunt
929 3189 936 3227 :
963 3176 1055 3228 Crede
1078 3178 1108 3229 iu

468 3264 616 3314 Dominum
643 3263 751 3325 lesum;
779 3267 807 3315 et
829 3265 925 3315 salvus
949 3267 1005 3317 eris
1029 3272 1059 3317 tu
1079 3269 1108 3318 ei

468 3353 568 3403 delirus
581 3357 639 3403 tua.
657 3351 701 3402 ³2.
717 3353 752 3402 Et
767 3354 854 3404 locuti
868 3357 934 3404 sunt
949 3355 976 3405 ei
990 3354 1107 3407 verbum

468 3442 580 3492 Domini
594 3455 658 3493 cum
673 3442 801 3492 omnibus
816 3444 864 3506 qui
879 3444 959 3494 erant
978 3446 1008 3493 in
1022 3443 1107 3495 domo

467 3532 536 3581 eius.
567 3529 611 3581 3³.
642 3530 677 3582 Et
700 3530 803 3582 tollens
829 3544 879 3581 eos
902 3533 932 3581 tn
958 3532 1011 3600 ilia
1034 3533 1108 3583 hora

468 3622 567 3680 noctis,
583 3619 652 3669 iavit
667 3620 767 3684 plagas
778 3633 890 3682 eorunm
905 3625 934 3671 et
947 3620 1107 3686 baptizatus

468 3713 509 3759 cst
529 3710 589 3772 ipse
609 3714 637 3760 ct
656 3709 748 3759 omnis
764 3708 864 3761 doinus
884 3710 945 3761 eius
959 3711 1105 3761 continuo.

468 3796 511 3847 31.
527 3797 675 3862 Quumque
692 3797 868 3861 perduxisset
883 3810 933 3850 cos
948 3800 978 3849 in
993 3799 1106 3851 domum

466 3899 560 3948 suam,
577 3889 708 3951 apposuit
722 3889 764 3938 eis
778 3900 920 3948 mensam,
939 3891 967 3939 et
985 3888 1108 3940 lactatus

466 3982 508 4025 cst
531 3987 593 4025 eum
618 3977 694 4026 omni
719 3975 801 4027 domo
824 3988 876 4028 sua
897 3976 1016 4028 eredens
1034 3977 1105 4029 Deo.

396 4073 399 4077 ’
503 4064 545 4114 35.
563 4063 598 4114 Et
616 4076 702 4128 quum
721 4063 782 4116 dies
801 4064 892 4115 iactus
911 4070 1000 4127 esset,
1019 4067 1105 4117 mise·

466 4160 530 4204 runt
544 4154 725 4217 magistratus
744 4153 870 4213 lictores,
888 4153 1014 4204 <licentes
1032 4167 1039 4204 :
1055 4154 1106 4206 Di-

466 4244 545 4294 mitte
567 4243 695 4293 homincs
719 4242 792 4293 ilios.
817 4240 861 4293 36.
883 4242 1031 4294 Nuntiavit
1054 4256 1106 4294 au·

466 4334 522 4383 tem
541 4337 635 4383 custos
658 4333 778 4382 carceris
799 4331 885 4382 verba
906 4331 977 4385 haec
992 4332 1104 4385 Paulo:

467 4421 538 4481 Quia
559 4423 697 4473 miserunt
720 4422 900 4485 magistratus
924 4426 956 4472 ut
980 4421 1106 4473 ‹limitta-

466 4511 547 4571 mini‚
564 4524 639 4562 nunc
658 4512 744 4574 igitur
760 4511 895 4562 exeuntes
911 4512 950 4560 ite
971 4511 1000 4560 in
1023 4523 1103 4575 pace.

467 4597 511 4649 31.
527 4599 632 4650 Paulus
653 4606 748 4652 autem
767 4600 836 4651 dixit
850 4601 892 4651 eis
908 4611 914 4650 :
932 4598 1040 4652 caesos
1053 4612 1106 4652 noc

466 4688 590 4754 publice,
620 4688 813 4751 indemnatos,
841 4690 972 4740 homines
1000 4688 1106 4740 Roma·

466 4792 518 4829 nos
538 4780 676 4830 miserunt
696 4780 724 4827 tn
746 4791 899 4839 carcerem,
915 4784 944 4831 et
963 4789 1038 4830 nunc
1059 4790 1105 4831 oc·

1198 1575 1288 1634 1625.
1309 1572 1378 1626 Κατὰ
1401 1568 1430 1626 ii
1453 1572 1483 1625 rh
1511 1572 1673 1644 μεσονύκτιον
1702 1574 1800 1637 Παῦλος

1157 1660 1200 1715 καλ
1226 1661 1302 1724 Σίλας
1326 1661 1520 1735 προσευχόμενοι
1542 1660 1634 1733 ύμνουν
1657 1661 1700 1717 τόν
1724 1662 1798 1717 θεόν·

1157 1748 1315 1822 ἐπηκροῶντο
1338 1749 1365 1804 δέ
1388 1748 1468 1804 αθτίῦν
1490 1749 1515 1804 cl
1537 1751 1643 1824 δέσμιοι.
1664 1755 1709 1809 26.
1730 1753 1800 1829 ἄφνω

1156 1837 1183 1892 δέ
1206 1839 1307 1912 σεισμός
1329 1837 1428 1912 ἐγίνετο
1453 1840 1545 1912 iiim,
1565 1843 1631 1895 ύνστε
1649 1841 1800 1908 σαλευθῆναι

1156 1925 1187 1981 τέ
1216 1928 1319 2001 θεμέλια
1347 1933 1391 1983 τοῦ
1419 1929 1601 2002 δεσμωτηρίου·
1632 1929 1799 2005 ἠνεῴχθησαν

1156 2016 1183 2071 δέ
1202 2019 1379 2090 (παραχρῆμα)
1399 2016 1426 2071 αί
1444 2017 1515 2091 θύραι
1532 2020 1619 2088 πᾶσαι,
1640 2020 1681 2072 καὶ
1698 2021 1798 2074 πάντων

1156 2106 1187 2159 τὰ
1210 2106 1292 2179 δεσμὰ
1319 2106 1407 2175 αἰνίθη.
1428 2110 1474 2162 θ7.
1494 2105 1593 2170 ἔξυπνος
1615 2107 1642 2160 δέ
1664 2109 1801 2179 γινόμενος

1155 2194 1170 2248 θ
1201 2193 1370 2268 δεσμοφύλαξ,
1403 2194 1446 2248 καλ
1476 2193 1535 2248 ἰδὼν
1566 2192 1724 2268 ἀνεῳγμένας
1756 2197 1800 2262 τθις

1156 2283 1229 2355 θύρας
1254 2286 1299 2351 τῆς
1322 2282 1447 2355 φυλακῆς,
1476 2284 1632 2356 πασάμενος
1667 2282 1713 2350 την
1746 2286 1797 2356 μά-

1154 2391 1246 2445 χαιραν
1274 2372 1378 2445 ἐμιλλεν
1409 2370 1498 2427 ἐαυτέιν
1530 2372 1653 2445 ἀναιρεῖν,
1687 2375 1795 2445 νομίζων

1155 2459 1329 2534 ἐκπεφευγέναι
1355 2461 1413 2525 τούς
1440 2461 1565 2534 δεσμίους.
1595 2465 1639 2517 λθ.
1670 2461 1796 2535 ἐφώνησεν

1153 2550 1180 2604 ti
1212 2550 1312 2613 Παῦλος
1344 2549 1444 2624 μεγάλη
1475 2554 1547 2622 φωνῇ
1579 2549 1671 2622 λε’γων,
1706 2552 1793 2619 Μηδὲν

1153 2638 1245 2711 πράξῃς
1275 2643 1373 2710 σεαυτῷ
1399 2637 1487 2693 κακόν·
1514 2639 1619 2701 ἅπαντες
1647 2641 1694 2711 γάρ
1721 2638 1795 2711 ἐσμεν

1154 2725 1251 2784 ἐνθάδε.
1277 2731 1322 2785 θθ.
1353 2725 1455 2794 αἰτήσας
1482 2725 1509 2781 δὲ
1535 2732 1605 2800 φῶτα
1633 2727 1795 2797 είσεπηδησε,

1153 2815 1196 2869 καλ
1213 2815 1332 2888 ἐντφομος
1349 2816 1485 2888 γενόμενος
1501 2818 1637 2888 προσέπεσε
1650 2822 1686 2890 τῷ
1704 2817 1797 2891 Παύλῳ

1153 2908 1195 2959 καί
1213 2910 1251 2977 τῷ
1270 2905 1344 2976 Σίλρ.
1544 2950 1547 2956 ,

1191 2997 1235 3048 30.
1269 2992 1312 3047 καλ
1340 2994 1493 3066 προαγαγὼν
1525 2993 1615 3057 αύτούς
1647 2995 1702 3065 ἐξω,
1733 2995 1779 3067 ἐφη
1786 3038 1795 3065 ,

1154 3081 1252 3153 Κύριοι,
1273 3081 1299 3136 τί
1320 3101 1351 3154 με
1374 3077 1418 3135 δεῖ
1438 3084 1521 3137 ποῗειν
1538 3089 1581 3137 ίνα
1599 3084 1687 3153 σωθῶ;
1708 3087 1752 3141 tt.
1774 3084 1798 3139 οί

1153 3170 1180 3226 at
1203 3168 1285 3242 εἶπαν,
1305 3171 1438 3226 Πίστευσον
1458 3170 1500 3226 ἐπὶ
1522 3170 1565 3226 τον
1585 3171 1675 3245 Κύριον
1699 3170 1795 3241 Ἰησοῦν

1152 3260 1195 3313 καί
1221 3259 1324 3333 αωθηση
1348 3261 1379 3313 σύ
1404 3259 1447 3314 καλ
1474 3259 1489 3313 θ
1512 3256 1583 3323 οἶκός
1605 3280 1659 3317 σου.
1686 3265 1729 3317 32.
1754 3263 1798 3315 καί

1153 3347 1281 3417 ἐλάλησαν
1310 3347 1380 3421 αύτῷ
1410 3349 1454 3402 τὸν
1484 3347 1564 3420 λόγον
1590 3354 1633 3403 τοῦ
1657 3348 1730 3414 Θεοῦ,
1751 3351 1795 3403 σῦν

1152 3440 1226 3492 πᾶσιν
1245 3443 1299 3501 τοῖς
1318 3436 1345 3492 ἐν
1367 3446 1399 3510 τῇ
1424 3436 1491 3508 αἰκίᾳ
1509 3436 1596 3495 αύτοῦ.
1617 3442 1660 3494 33.
1681 3441 1724 3492 καί
1746 3459 1795 3494 πα-

1153 3526 1270 3598 ραλαόύιν
1285 3524 1374 3589 αύτούς
1391 3524 1417 3580 ἐν
1432 3524 1514 3600 ἐκείνη
1533 3529 1630 3601 τῇόερφ
1648 3532 1691 3595 τῆς
1711 3529 1796 3593 νυκτθς

1152 3615 1254 3670 ἐλουσεν
1283 3615 1333 3671 ἀπὸ
1359 3620 1410 3669 τῶν
1441 3614 1559 3687 πληγῶν,
1593 3617 1635 3670 καὶ
1660 3615 1794 3687 ἐύαπτίαθη

1152 3703 1226 3768 αύτός
1243 3704 1286 3758 καὶ
1303 3703 1328 3759 cl
1346 3702 1423 3759 αύτοῦ
1441 3704 1547 3768 ἅπαντες
1564 3711 1728 3779 παραγρῆμα.
1751 3711 1793 3762 ct.

1152 3792 1289 3866 ἀναγαγών
1307 3813 1334 3848 τε
1353 3793 1441 3857 αύτούς
1459 3793 1494 3857 είς
1511 3793 1555 3849 τὸν
1570 3792 1644 3848 οἶκον
1658 3798 1796 3867 παρέθηκεν

1152 3884 1285 3955 τράπεζαν,
1314 3882 1357 3937 καλ
1380 3881 1557 3956 ἠγαλλιάσατο
1588 3883 1703 3937 πανοικεὶ
1726 3904 1797 3940 πεπι·

1153 3972 1261 4035 στευκύος
1280 3977 1317 4043 τῷ
1337 3970 1404 4042 θεῷ.

1190 4065 1234 4117 35.
1258 4058 1365 4133 Ἧμέρας
1390 4058 1417 4113 δέ
1441 4060 1578 4132 γενομένης
1600 4059 1753 4129 θπιίστειλαν
1775 4063 1799 4117 cl

1152 4148 1291 4222 στρατηγοὶ
1311 4148 1369 4211 τούς
1391 4147 1547 4224 ραόθούχους
1564 4148 1695 4223 λέγοντες,
1720 4150 1798 4207 Ἀπό-

1151 4237 1228 4293 λυαον
1251 4238 1310 4301 τούς
1333 4237 1477 4310 ἀνθρώπους
1500 4236 1617 4302 ἐκείνους.
1643 4244 1687 4295 36.
1713 4239 1798 4313 ἁπηγ-

1151 4327 1236 4399 γειλεν
1265 4326 1292 4382 δέ
1315 4327 1329 4380 ό
1352 4326 1510 4400 δεσμοφύλαξ
1532 4328 1589 4390 τοὶις
1615 4327 1706 4399 λόγους
1738 4329 1797 4399 πρὸς

1152 4416 1196 4472 τὸν
1216 4416 1328 4482 Παῦλον,
1345 4416 1384 4471 ότι
1403 4416 1588 4471 ἀπεστάλκασιν
1607 4416 1632 4470 cl
1650 4417 1795 4488 στρατηγοί,

1150 4507 1194 4561 ἵνα
1207 4505 1360 4572 ἀπολυθῆτε·
1377 4499 1485 4559 νῦνόύν
1506 4504 1646 4569 ἐξελθόντες
1664 4508 1794 4578 πορεύεσθε

1152 4595 1177 4650 ἐν
1207 4593 1303 4670 εἰρήνη.
1325 4598 1370 4650 37.
1390 4594 1404 4647 ό
1427 4593 1454 4649 δέ
1478 4594 1575 4658 Παῦλος
1600 4594 1645 4667 ίφη
1668 4596 1728 4668 πρὸς
1753 4595 1794 4649 αύ-

1150 4685 1221 4754 τούς,
1250 4684 1378 4756 Δείραντες
1412 4682 1479 4756 ἡμᾶς
1514 4684 1624 4757 δημοσίᾳ
1659 4683 1794 4757 ἀκατακρί·

1151 4794 1223 4847 τους,
1262 4773 1407 4847 θνθρύεπους
1450 4771 1591 4847 Ῥωμαίους
1634 4773 1792 4848 θποίρχοντας
