4092 5490
1004 460 1073 504 aar.
1100 442 1258 514 thatim.
1736 452 1796 512 267

471 606 557 665 esset
571 620 608 665 ex
620 601 784 663 rabbioico
800 610 884 669 ntis,
901 609 998 672 quam
1017 608 1128 653 vocem
1147 592 1221 653 Lev.
1239 593 1310 665 18,u
1328 609 1394 669 seq.
1413 594 1486 653 LXX
1507 596 1649 658 reddunt
1666 600 1795 678 ἀσχημο-

474 699 565 773 σύνην,
581 700 771 776 neutiquam
784 689 919 771 πορνείαν.
931 722 971 734 -
989 692 1032 750 De
1049 688 1122 749 aliis
1142 688 1252 750 inultis
1272 687 1540 766 explicationibus
1558 690 1639 753 haec
1653 696 1766 774 accipe
1785 715 1793 758 ε

476 795 649 878 significari
666 789 894 862 idololatriam,
912 803 1007 866 quam
1022 784 1196 865 prophetae
1217 785 1348 864 quidem
1368 785 1411 846 ita
1431 787 1612 860 nominant;
1630 789 1796 866 prohiberi
1813 830 1816 839 ‹

471 894 621 956 lascivias
645 905 727 968 quae
749 886 862 948 diebus
884 884 974 946 iestis
996 883 1197 946 ethnicorum
1220 888 1459 959 exercerentur3
1483 883 1644 963 designari
1668 886 1797 966 πορνικὴν

474 990 578 1061 θυσίαν,
591 987 643 1048 vel
663 984 896 1066 professionem
915 982 1141 1056 meretriciam,
1162 981 1437 1062 prostitutionem,
1458 982 1509 1043 vel
1529 983 1796 1057 concubinatum,

473 1086 525 1146 vel
549 1083 781 1164 polygamiam,
807 1082 858 1143 vel
886 1079 1128 1142 matrimonium
1156 1096 1230 1141 cum
1258 1078 1398 1156 infideli,
1423 1081 1474 1142 vel
1502 1079 1796 1159 deuterogamiam.

473 1184 585 1260 Neque
609 1180 740 1244 deerant
762 1182 899 1242 conatus
923 1175 1115 1238 emendandi
1142 1182 1249 1238 textus
1274 1194 1282 1237 :
1309 1175 1436 1255 χοιριίαν,
1458 1178 1509 1238 vet
1534 1177 1663 1258 aepactas
1687 1179 1796 1259 legere

474 1284 637 1360 oportere,
657 1277 822 1358 prohiberi
841 1275 909 1335 scil.
934 1289 1060 1335 caruem
1082 1272 1206 1334 suillam
1229 1272 1420 1351 ingratiam
1441 1272 1645 1337 ludaeorum.
1667 1275 1731 1338 Sed
1754 1277 1795 1340 dc

471 1377 563 1439 hisce
574 1375 694 1455 ingenii
708 1372 849 1435 foetibus
863 1370 952 1431 satis.

514 1564 581 1627 Cur
599 1558 684 1625 haec
698 1556 768 1623 illis
784 1553 981 1623 mandanda
998 1558 1033 1620 et
1044 1552 1212 1621 mittenda
1225 1554 1310 1638 sint,
1326 1554 1466 1622 additur
1480 1555 1569 1622 ratio
1584 1577 1617 1622 v.
1636 1561 1675 1621 21
1694 1559 1794 1644 Mop-

472 1687 524 1733 scs
539 1664 632 1731 enim
649 1685 671 1730 α
687 1660 892 1753 tenporibus
911 1659 1066 1751 antiquis
1079 1659 1181 1727 debet
1201 1660 1240 1728 in
1256 1660 1404 1751 dicipulis
1422 1660 1620 1728 ciuitatibus
1636 1660 1696 1751 qui
1715 1684 1794 1728 eum

416 1780 421 1793 '
471 1770 676 1862 praedicent
695 1769 733 1836 io
746 1767 956 1860 synapoqis,
969 1766 1029 1835 ubi
1042 1789 1108 1858 per
1125 1789 1225 1834 omne
1242 1768 1421 1835 sabbatum
1434 1767 1577 1860 lepitur,·
1594 1767 1676 1835 inde
1700 1767 1794 1836 euim

472 1877 565 1968 quod
584 1876 639 1945 lex
658 1876 807 1972 mosaica
819 1880 853 1942 et
868 1879 1061 1942 constanter
1074 1872 1165 1941 lecta
1183 1872 1226 1941 sit
1244 1872 1431 1941 maioribus
1446 1875 1650 1942 ludaeorum
1666 1881 1701 1942 et
1714 1897 1796 1966 pcr-

471 1988 575 2073 petuo
591 1982 782 2050 etiamnum
794 1981 831 2048 in
845 1979 1031 2068 synagogis
1044 1980 1204 2047 recitetur
1214 1978 1277 2047 illa
1287 1979 1536 2048 abominationi
1548 1987 1629 2049 sunt
1642 1980 1793 2061 ludaeis,

472 2110 578 2178 quam
601 2086 894 2155 abominationem
914 2084 1012 2179 quasi
1029 2083 1256 2155 hereditatem
1270 2084 1444 2173 quandam
1459 2107 1481 2152 a
1496 2086 1684 2153 maioribus
1696 2108 1795 2154 acce·

472 2195 587 2284 perint
599 2199 633 2259 et
652 2192 814 2259 continua
828 2190 973 2258 lectione
991 2188 1080 2277 legis
1100 2188 1262 2273 foverint3
1284 2189 1377 2257 unde
1395 2211 1531 2257 necesse
1551 2196 1617 2272 est,
1635 2197 1674 2257 ut
1697 2212 1739 2257 ea
1757 2190 1796 2257 in

471 2321 508 2366 re
530 2298 662 2365 ludaeis
683 2296 817 2387 aliquid
840 2294 1048 2363 concedatur
1069 2300 1103 2363 et
1124 2295 1270 2384 gentiles
1289 2295 1334 2363 ad
1355 2294 1419 2362 illa
1436 2294 1577 2363 vitanda
1594 2295 1796 2384 obligentur

472 2403 661 2494 (oidelae,
679 2402 765 2471 Felt.
790 2402 932 2493 Weiss),
947 2424 992 2470 ne
1015 2401 1132 2469 ludaei
1150 2400 1254 2469 nimis
1276 2407 1476 2471 avertantur
1492 2425 1514 2470 a
1532 2424 1568 2469 re
1589 2402 1790 2472 christiana.

473 2515 558 2579 cuna
579 2510 757 2578 decretum
777 2509 839 2577 fiat
857 2531 922 2599 pro
940 2508 1125 2596 gentilibus
1144 2515 1178 2577 et
1198 2513 1271 2576 tota
1285 2507 1479 2599 disquisitio
1494 2508 1575 2576 illos
1587 2509 1699 2576 solum
1715 2512 1794 2577 tan·

474 2624 551 2704 gat,
567 2639 640 2684 non
653 2620 763 2706 potest
783 2613 948 2704 explicari
971 2637 979 2683 ε
1003 2637 1074 2682 non
1088 2637 1173 2705 opus
1195 2620 1247 2682 est
1267 2614 1398 2682 ludaeis
1419 2613 1552 2704 aliquid
1572 2614 1791 2704 praecipere,

473 2744 552 2789 nam
578 2727 705 2810 Moyses
730 2721 858 2807 legitur
881 2726 966 2804 ete,
992 2720 1083 2787 unde
1109 2721 1238 2811 pariter
1257 2708 1342 2787 falso
1366 2720 1469 2786 infert
1491 2719 1544 2787 Bl.
1569 2740 1582 2785 .·
1604 2718 1795 2808 significari

473 2827 610 2895 videtur
631 2826 767 2896 ludaeis
790 2826 923 2916 reliqua
944 2848 1080 2917 quoque
1100 2832 1282 2917 praecepta
1297 2847 1368 2894 esse
1382 2825 1562 2894 servanda.
1582 2825 1652 2893 Sed
1667 2825 1717 2892 'de
1736 2829 1793 2892 lu·

473 2935 569 3003 daeis
595 2933 684 3001 nihil
707 2933 913 3001 declaratur.
935 2936 1056 3001 Gentes
1079 2935 1258 3000 solvuntur
1283 2953 1306 2999 a
1327 2931 1584 3000 circumcisione
1606 2932 1797 3023 etreliqua

472 3040 711 3108 observatione
731 3038 836 3126 legis;
856 3037 941 3128 quid
961 3036 1094 3105 ludaeis
1114 3039 1228 3105 iacere
1248 3038 1302 3105 vel
1319 3038 1477 3105 omittere
1495 3037 1614 3120 liceat,
1636 3036 1797 3127 explicite

475 3167 544 3212 non
564 3143 756 3232 attingitur.
774 3148 899 3212 Verum
923 3144 1011 3211 bene
1032 3143 1102 3211 iam
1126 3141 1204 3212 cir.
1222 3149 1320 3211 notat
1338 3165 1377 3211 ex
1392 3143 1434 3210 iis
1454 3165 1544 3234 quae
1561 3148 1680 3210 Petrus
1704 3142 1798 3211 dicat

472 3273 504 3318 v.
527 3257 604 3317 9-11
630 3249 821 3317 necessario
848 3250 1012 3341 consequi
1035 3248 1146 3337 legem
1170 3271 1215 3317 ne
1236 3272 1299 3340 pro
1319 3247 1449 3318 ludaeis
1472 3249 1614 3339 quidem
1633 3251 1705 3317 iam
1725 3270 1797 3317 esse

474 3357 711 3439 necessariam,
732 3355 792 3423 sed
808 3354 950 3423 ludaeos
966 3377 1103 3446 quoque
1122 3354 1238 3424 doceri
1258 3360 1296 3423 ut
1316 3354 1491 3424 discedant
1512 3378 1533 3423 a
1551 3356 1646 3442 lege;
1665 3355 1726 3423 sed
1746 3360 1794 3422 ta·

475 3484 554 3530 men
569 3462 635 3529 hoc
650 3461 806 3529 nondum
821 3461 980 3553 explicite
993 3461 1041 3528 eis
1053 3461 1133 3530 dici.

514 3675 605 3735 Varie
624 3674 783 3753 explicant
801 3691 920 3736 nexum
934 3691 965 3734 v.
982 3675 1019 3735 21
1039 3674 1079 3736 ad
1099 3675 1278 3753 superiora;
1292 3674 1370 3736 haec
1385 3674 1453 3735 scil.
1470 3691 1532 3736 non
1551 3674 1648 3735 scribi
1666 3673 1794 3735 ludaeis

475 3771 549 3852 quia
561 3771 681 3833 habent
695 3775 877 3849 noruntque
892 3771 996 3851 legem
1012 3769 1099 3851 (Clu.
1117 3769 1244 3851 Salm.);
1264 3788 1304 3833 ne
1323 3770 1437 3833 ludaei
1450 3771 1557 3833 studio
1574 3771 1654 3851 legis
1673 3770 1794 3834 addicti

475 3874 651 3949 querantur
665 3868 763 3930 deleri
779 3871 909 3947 Moysen
927 3855 1061 3947 eiusque
1078 3868 1183 3949 legem
1198 3869 1333 3942 aboleri;
1351 3869 1533 3930 libertatem
1549 3868 1699 3948 gentibus
1713 3884 1792 3929 con-

475 3983 599 4028 cessam
619 3965 722 4044 Moysi
742 3966 823 4026 nihit
845 3965 972 4028 officere
990 3964 1134 4045 (Calai.);
1153 3983 1218 4026 non
1238 3983 1317 4045 opus
1337 3983 1408 4029 esse
1428 3970 1463 4028 ut
1482 3984 1541 4027 nos
1561 3965 1795 4027 Christitideles

475 4062 604 4124 solliciti
621 4061 724 4122 simus
737 4061 776 4122 de
791 4061 979 4124 honorando
994 4064 1118 4142 Moyse;
1131 4080 1207 4124 eum
1222 4062 1356 4124 enimin
1370 4063 1534 4143 synagogis
1545 4064 1625 4125 satis
1638 4062 1795 4124 celebrari

475 4179 493 4221 a
507 4157 635 4221 ludaeis
650 4156 772 4239 (Lep.);
787 4158 838 4220 vel
855 4176 862 4219 :
877 4159 903 4219 si
919 4160 972 4237 qui
987 4159 1166 4238 pleniorem
1179 4159 1259 4239 legis
1275 4160 1421 4222 notitiam
1440 4160 1575 4239 adipisci
1591 4160 1722 4221 fortasse
1738 4177 1796 4222 ou·

476 4258 586 4336 piunt,
607 4255 725 4317 habent
750 4273 813 4334 quo
835 4256 913 4316 satis
937 4256 997 4317 sibi
1018 4256 1148 4329 iaciant,
1171 4274 1245 4319 cum
1269 4258 1418 4319 omnibus
1442 4258 1584 4319 sabbatis
1605 4257 1734 4337 publice
1758 4275 1796 4319 ea

475 4354 599 4434 legatur
612 4353 644 4414 in
658 4351 828 4434 synagogis
844 4351 972 4433 (Pota).
988 4354 1087 4416 Aliter
1101 4352 1186 4416 Beda
1204 4374 1215 4416 .·
1233 4378 1249 4411 a
1267 4354 1326 4417 etsi
1342 4360 1585 4434 praeceptorum
1602 4372 1687 4417 nunc
1705 4370 1795 4415 acer·

475 4451 574 4512 hitate
590 4468 654 4512 non
667 4453 841 4530 graventur
854 4467 873 4511 a
886 4450 996 4525 nobis,
1009 4452 1201 4530 procedente
1214 4458 1322 4514 tamen
1332 4456 1487 4530 tempore,
1499 4452 1578 4514 dum
1593 4450 1796 4530 frequentius

474 4547 515 4608 ad
532 4547 702 4609 lectionem
721 4548 801 4626 legis
821 4547 1114 4627 prophetarumque
1131 4550 1354 4623 convenerint,
1368 4548 1522 4628 paulatim
1542 4550 1627 4611 vitae
1647 4549 1795 4611 instituta

476 4649 507 4705 ct
524 4646 699 4706 servandae
719 4645 858 4707 invicem
877 4644 1056 4708 dilectionis
1073 4647 1144 4709 iura
1160 4647 1364 4726 suscipient»
1387 4648 1419 4708 e‘t
1435 4645 1575 4711 Cassiod.
1588 4647 1734 4709 suillcere
1750 4645 1794 4706 ait

476 4742 575 4820 Moysi
590 4742 675 4819 quod
690 4743 759 4804 eius
774 4760 894 4805 nomeu
910 4743 942 4804 in
957 4746 1122 4825 synagogis
1137 4746 1226 4807 omni
1239 4745 1370 4806 sabbato
1387 4746 1446 4806 sub
1462 4746 1671 4807 veneratione
1688 4743 1794 4805 nomi·

475 4844 578 4901 netur.
594 4839 732 4919 Longius
746 4842 907 4921 progressi
921 4840 1020 4921 aliqui
1036 4841 1200 4904 acatholici
1211 4843 1264 4904 hic
1275 4843 1433 4904 enuntiari
1448 4843 1560 4905 solunt
1568 4842 1792 4905 auctoritatem
