4092 5490
1052 436 1119 481 eor.
1144 419 1247 489 teet.
1502 490 1506 499 ι
1749 422 1804 482 etl

484 572 730 643 documentum
756 571 927 653 veritatis,
956 592 988 635 v.
1010 574 1053 635 52
1072 567 1234 658 discipuli
1247 555 1381 658 quoque
1399 565 1616 656 replebantur
1630 571 1760 658 patcdio
1772 583 1806 639 et

484 679 619 770 Spiritu
642 691 784 764 sancto;
808 705 824 738 ν
850 676 1008 763 magistri
1027 696 1196 743 aerumna
1215 673 1375 764 discipuli
1396 672 1556 742 fiduciam
1577 673 1807 745 alacritatem·

485 809 552 877 que
577 809 647 854 non
673 782 777 866 tollit,
808 782 868 850 sed
889 782 1134 850 animosiorcm
1156 781 1256 849 illum
1279 781 1360 849 facit
1388 810 1404 842 ν
1427 780 1555 871 (Chr.);
1581 782 1662 854 «‚in
1685 802 1807 869 graeco

485 893 634 961 habetur
658 912 666 959 ι
694 888 860 981 discipuli
884 897 1018 977 aretem,
1042 896 1080 956 ut
1094 888 1326 974 intelligamus
1341 886 1472 953 ludaeis
1483 887 1587 955 fidem
1601 909 1807 980 persequen-

483 999 576 1065 tibus
592 995 783 1087 discipulos
804 1019 824 1065 e
846 994 1022 1064 contrario
1046 992 1195 1083 spiritali
1214 992 1343 1081 gaudio
1363 991 1487 1061 ditatos
1507 1020 1524 1055 ν
1541 993 1637 1083 (Bed.
1646 1014 1662 1078 ,·
1679 996 1808 1063 habent

485 1102 836 1193 uuucbhpdh

526 1302 562 1361 ln
579 1301 637 1363 hac
656 1303 746 1380 parte
767 1296 870 1359 critici
886 1296 1100 1358 ollenduntur
1115 1294 1273 1375 pluribus.
1291 1297 1336 1356 Ita
1355 1294 1441 1377 Hitp.
1458 1313 1525 1358 non
1545 1298 1706 1378 intelligit,
1724 1316 1803 1377 quo·

484 1399 581 1460 modo
596 1397 707 1459 multis
722 1394 916 1457 Iudaeorum
926 1393 1184 1473 credentibuslv.
1197 1392 1249 1473 43)
1259 1393 1395 1471 apostoli
1411 1393 1515 1455 dicere
1527 1395 1652 1474 possint
1663 1396 1805 1458 ludaeis:

485 1494 639 1575 repellitis
654 1491 733 1554 illud
749 1490 790 1572 lp.
806 1490 876 1572 td),
893 1493 981 1553 idem
1000 1509 1067 1552 non
1087 1492 1173 1569 capit
1192 1490 1354 1569 quomodo
1374 1493 1531 1571 gaudium
1546 1493 1693 1573 gentium
1714 1495 1806 1572 sequi

483 1591 586 1671 possit
600 1608 638 1653 ex
652 1590 707 1651 illo
721 1591 821 1652 lsaiae
836 1590 920 1662 loco,
936 1589 993 1652 sed
1006 1607 1038 1649 v.
1058 1590 1096 1649 48
1111 1588 1292 1650 necessario
1311 1589 1436 1651 adnecti
1455 1589 1572 1651 debere
1589 1589 1628 1651 ad
1642 1609 1672 1651 ν.
1691 1594 1731 1651 tt
1744 1590 1808 1650 im·

485 1689 640 1764 mediate3
658 1705 757 1767 quare
772 1706 801 1749 v.
818 1690 911 1748 aaut
927 1703 1098 1767 perperam
1118 1686 1217 1747 inseri
1238 1687 1412 1748 contendit.
1428 1689 1508 1749 Item
1525 1685 1647 1769 Spitto,
1665 1685 1807 1765 Clemen,

484 1784 599 1869 Jtrapst
613 1805 643 1847 v.
660 1789 751 1847 teat
765 1804 803 1848 ex
818 1785 880 1847 alio
895 1786 983 1846 tonte
1000 1784 1075 1845 eddi
1092 1785 1207 1846 volunt
1221 1787 1255 1846 et
1272 1781 1393 1846 Clemen
1410 1785 1453 1846 ibi
1469 1803 1562 1847 suum
1579 1809 1594 1841 ν
1610 1785 1809 1849 reductorem

484 1884 718 1946 antiiudeicum
739 1907 755 1941 ν
779 1883 910 1961 reperit.
935 1882 1059 1943 Pariter
1077 1885 1188 1943 censet
1208 1879 1296 1963 Hilp.
1316 1899 1335 1943 a
1355 1883 1411 1943 tali
1435 1883 1599 1945 redactore
1619 1883 1809 1947 antiiudaioo

485 1982 558 2043 addi
570 2000 601 2043 v.
618 1983 668 2043 50.
685 1983 740 2055 513
757 1998 832 2041 nam
849 1997 934 2057 quae
950 1979 1098 2040 dicantur
1116 1998 1148 2039 v.
1169 1980 1208 2039 52
1228 1979 1332 2041 solum
1351 1996 1443 2059 posse
1463 1982 1622 2060 pertinere
1643 1982 1684 2044 ad
1704 2001 1734 2042 v.
1756 1985 1805 2044 48.

485 2083 540 2152 493
552 2078 718 2157 quomodo
734 2078 821 2140 enim
838 2077 992 2157 discipuli
1007 2081 1142 2157 possent
1155 2077 1295 2157 gaudere
1310 2077 1350 2139 de
1364 2078 1661 2158 persecutionibus?
1674 2081 1810 2160 Insuper

486 2177 524 2237 de
546 2175 768 2256 persecutione
786 2175 977 2238 Antiochiae
997 2176 1066 2255 ipse
1084 2174 1204 2236 Paulus
1221 2177 1388 2237 testatur2
1408 2176 1490 2237 lim.
1511 2177 1593 2249 att.
1609 2179 1729 2239 Verum
1747 2177 1809 2238 alia

461 2300 468 2309 ·
486 2291 614 2354 quoque
629 2274 747 2335 trustra
761 2272 896 2354 proferri
913 2278 945 2335 et
958 2273 1052 2353 plane
1070 2273 1233 2334 immerito
1250 2272 1346 2333 tidem
1363 2290 1470 2334 rerum
1488 2277 1686 2337 narratarum
1701 2276 1808 2354 negari

485 2376 606 2435 certum
622 2375 680 2434 est.
697 2369 766 2433 Etsi
781 2371 869 2432 enim
882 2371 980 2432 multi
994 2371 1186 2432 ludaeorum
1202 2370 1385 2432 Antiochiae
1399 2371 1495 2433 tidem
1506 2373 1713 2452 susceperint,
1725 2379 1810 2435 certe

485 2487 549 2532 non
568 2469 715 2549 sequitur
733 2469 801 2531 iam
820 2468 938 2532 falsum
962 2486 1033 2530 esse
1057 2467 1138 2530 alios
1159 2468 1280 2530 multos
1301 2469 1503 2549 evangelium
1524 2471 1693 2549 repellere,
1714 2469 1809 2548 idque

486 2573 654 2648 propterea
673 2568 752 2647 quia
765 2572 877 2648 gentes
895 2567 960 2629 sibi
977 2584 1070 2646 pares
1085 2567 1292 2629 haberentur.
1311 2568 1387 2629 Eam
1404 2566 1500 2628 luisse
1517 2567 1658 2630 indolem
1675 2569 1812 2630 ludaeo-

484 2681 556 2727 rum
574 2665 688 2726 multis
707 2669 849 2738 constat;
867 2663 940 2726 vide
962 2667 1034 2735 1352
1059 2669 1093 2725 ot
1106 2664 1279 2743 epistolam
1294 2663 1334 2725 ad
1349 2664 1414 2725 Gal.
1431 2669 1463 2724 et
1476 2664 1660 2743 explicitum
1675 2665 1745 2726 eius
1760 2666 1808 2728 rei

485 2761 708 2824 testimonium
728 2761 767 2822 ab
790 2762 861 2841 ipso
886 2761 986 2823 Paulo
1012 2761 1077 2822 iam
1102 2778 1199 2839 supra
1220 2759 1338 2822 adduxi
1361 2764 1376 2821 1
1399 2761 1507 2822 Thess.
1531 2763 1614 2832 216.
1643 2761 1807 2835 Quomodo

487 2864 592 2922 autem
607 2859 759 2939 discipuli
773 2858 915 2937 gaudere
935 2860 1060 2938 possint
1079 2858 1119 2919 dc
1135 2858 1436 2938 persecutionibus,
1452 2864 1485 2920 et
1500 2859 1569 2920 aliis
1588 2860 1681 2922 facile
1700 2860 1808 2922 deela-

486 2963 574 3019 ratur
594 2962 627 3018 et
641 2957 779 3019 habetur
796 2959 812 3017 1
832 2956 946 3018 l'hess.
970 2958 1023 3028 1,o
1044 2974 1051 3016 ε
1071 2956 1266 3035 excipientes
1283 2958 1415 3018 verbum
1436 2956 1468 3016 in
1487 2957 1690 3018 tribulatione
1711 2958 1810 3019 multa

486 3072 561 3117 cum
574 3055 691 3135 gaudio
707 3053 847 3134 Spiritus
862 3054 979 3116 sancti.
1000 3055 1088 3115 Bene
1104 3058 1194 3115 notat
1208 3051 1261 3113 Bt.
1282 3053 1322 3114 ad
1337 3071 1367 3114 v.
1382 3054 1420 3114 δί)
1437 3072 1444 3114 :
1461 3059 1565 3115 status
1584 3071 1692 3115 rerum
1710 3073 1807 3133 quem

487 3151 596 3214 au'ctor
613 3151 767 3232 relinquit
788 3151 994 3225 describitur,
1016 3155 1051 3213 ut
1070 3153 1122 3224 ut
1145 3151 1186 3212 al.
1210 3185 1250 3196 -
1275 3153 1356 3213 Vere
1376 3152 1552 3226 miraberis,
1578 3169 1633 3214 cur
1653 3152 1808 3233 gaudium

487 3251 631 3329 gentium
653 3249 834 3312 secundum
858 3247 948 3331 Hitp.
973 3266 1040 3311 non
1061 3250 1165 3328 possit
1185 3248 1296 3310 reterri
1317 3249 1357 3311 ad
1379 3268 1409 3309 v.
1431 3252 1537 3322 aaut,
1558 3250 1613 3312 sed
1639 3268 1696 3312 cur
1718 3249 1808 3330 iungi

487 3346 594 3410 debeat
615 3366 626 3408 :
646 3348 714 3410 tere
734 3348 887 3409 universa
908 3346 1021 3409 civitas
1044 3347 1193 3408 convenit
1213 3347 1322 3410 audire
1344 3348 1487 3422 Paulum,
1509 3347 1677 3410 audientes
1698 3353 1807 3411 autern

487 3451 597 3525 gentes
608 3446 735 3524 gavisae
750 3450 836 3508 sunt.
851 3447 891 3506 ht
905 3444 978 3506 aliis
997 3444 1104 3506 missis
1120 3445 1227 3507 solum
1243 3445 1422 3525 perpende,
1438 3445 1473 3507 in
1492 3451 1600 3507 nostro
1619 3450 1707 3508 textu
1726 3447 1811 3525 opti-

487 3560 573 3604 mam
593 3542 685 3605 reddi
702 3543 864 3605 rationem
884 3559 943 3605 cur
961 3541 1141 3621 gaudeant;
1159 3544 1243 3622 apud
1265 3541 1353 3624 Hitp.
1370 3543 1501 3604 nullam.
1519 3545 1623 3605 Habes
1644 3544 1808 3622 specimen

487 3641 612 3703 critices
628 3640 827 3702 sublimioris
842 3656 943 3719 quam
958 3645 1090 3714 vocant,
1107 3646 1139 3701 et
1154 3656 1254 3718 quam
1274 3640 1371 3720 aliqui
1391 3641 1467 3701 tanti
1486 3641 1669 3713 aestimant,
1687 3647 1722 3703 ut
1736 3658 1806 3703 eam

487 3738 648 3818 negligere
664 3738 757 3801 tacite
771 3737 940 3818 interpreti
955 3737 1115 3800 catholico
1132 3737 1376 3816 reprehensioni
1392 3740 1532 3801 vertant!

854 3961 883 4028 d)
898 3963 993 4028 Quae
1008 3960 1114 4014 Iconii
1128 3963 1229 4026 gesta
1242 3961 1312 4014 slnt
1328 3962 1450 4029 14,1·a.

528 4134 599 4194 ll,l.
620 4133 736 4184 Factum
769 4136 811 4183 est
841 4137 937 4184 autern
971 4131 1073 4193 Iconii,
1106 4134 1136 4183 ut
1214 4131 1286 4194 tt,t.
1323 4125 1439 4199 Ἐγένετο
1484 4127 1510 4181 δὲ
1545 4126 1570 4181 lv
1607 4126 1704 4202 Ἰκονίῳ
1747 4130 1811 4184 sart

488 4224 571 4275 slmul
594 4223 742 4274 introirent
762 4222 793 4272 ln
813 4232 989 4285 synagogam
1015 4221 1136 4273 ludaoo·
1173 4216 1203 4271 rh
1239 4215 1300 4270 abab
1336 4215 1456 4271 εἰσελθεῖν
1493 4215 1579 4280 wlede
1609 4216 1642 4281 εἰς
1678 4217 1722 4284 τὴν
1759 4240 1813 4273 σνν-

491 4325 568 4375 rum,
595 4315 624 4364 et
653 4311 847 4376 loquerentur,
875 4310 914 4361 tta
944 4312 975 4359 ut
1008 4308 1137 4361 crederet
1174 4309 1279 4377 αγωγὴν
1334 4311 1383 4359 τῶν
1433 4304 1575 4376 Ἰουδαίων,
1620 4308 1661 4359 καὶ
1705 4308 1813 4365 λαλῆσαι

490 4401 657 4453 Iudaeorum
671 4403 699 4451 et
714 4400 885 4452 Graecorum
914 4399 1030 4462 copiosa
1045 4397 1138 4448 multi·
1174 4394 1252 4456 οὕτως
1287 4396 1352 4449 ὥστε
1388 4401 1514 4449 πιστεῦσαι
1548 4394 1672 4449 ’leobaldo
1709 4414 1734 4449 τε
1772 4397 1814 4450 καὶ

489 4490 566 4541 tudo.
583 4490 610 4541 2.
624 4489 679 4550 Qui
699 4502 768 4542 vero
786 4487 924 4541 incredult
951 4486 1066 4538 luerunt
1090 4486 1137 4538 Iu·
1178 4481 1311 4550 Ἐλλήνων
1337 4482 1404 4537 πολὺ
1438 4479 1543 4551 πλῆθος.
1578 4487 1604 4538 t.
1632 4483 1656 4537 el
1687 4484 1713 4538 δὲ
1745 4483 1814 4539 drea·

491 4579 567 4642 dael,
591 4580 799 4632 susetuverunt
828 4584 857 4630 et
888 4576 926 4629 ad
962 4575 1138 4627 iracundum
1176 4571 1295 4638 θήσαντες
1335 4572 1452 4627 Ἰουδαῖοι
1497 4571 1629 4644 ἰπήγειραν
1666 4574 1708 4627 καὶ
1753 4574 1811 4628 ἐκά-

491 4669 703 4721 concitaverunt
721 4672 832 4721 animas
854 4669 982 4733 gentium
1000 4665 1139 4717 adversus
1176 4681 1259 4716 κωσαν
1292 4661 1336 4726 τὰς
1371 4662 1449 4737 ipa-ph
1480 4668 1529 4716 τῶν
1566 4661 1642 4717 ἐθνῶν
1672 4662 1735 4717 κατὰ
1763 4669 1811 4717 τῶν

490 4758 600 4811 tratres.
621 4759 648 4809 3.
667 4758 756 4811 Multo
778 4760 866 4823 tgttur
893 4762 1022 4822 tempore
1045 4755 1139 4807 deuio
1176 4752 1302 4824 ἀδελφῶν.
1346 4756 1372 4809 3.
1415 4752 1498 4807 ἱκανὸν
1546 4751 1590 4823 μὲν
1633 4747 1676 4806 οὖν
1719 4754 1812 4828 χρόνον

491 4851 544 4901 rati
569 4849 649 4910 aunt,
676 4846 845 4901 tiduetaltter
879 4850 997 4912 ugentes
1024 4847 1053 4896 ln
1081 4845 1140 4896 Do·
1178 4841 1300 4914 διέτριψαν
1341 4844 1566 4915 suppeditasse
1607 4839 1646 4896 tet
1685 4847 1721 4915 τῷ
1762 4843 1814 4896 Κν-

862 4954 1058 4994 unaasuesuen.
1076 4967 1108 4977 -
1125 4952 1152 4992 ut
1168 4954 1245 4992 acius
1261 4954 1349 4992 nrosr.
1372 4966 1403 4979 -
1420 4945 1449 4990 ¹6
