4054 5442
1016 338 1084 383 scr.
1109 320 1226 391 aaa-5.
1721 322 1780 382 itit

459 475 653 567 aequitat03
683 495 747 540 cur
773 494 809 539 se
833 471 926 538 dicat
949 469 1089 537 beatum
1118 488 1234 536 coram
1258 464 1319 533 tali
1346 485 1460 531 rerum
1483 465 1614 534 arbitro
1641 491 1780 538 causam

458 603 556 649 suam
576 578 834 658 defendentem,
862 575 1010 665 explieat
1032 596 1066 644 v.
1093 580 1112 641 3
1135 571 1286 641 maxime
1308 583 1339 638 tc
1360 569 1486 637 sciente
1508 574 1625 641 otrtnia
1643 588 1677 641 et
1691 598 1782 666 quac

457 687 555 778 apud
576 684 720 753 ludaeos
752 694 834 748 sunt
866 680 1129 750 consuetudines
1157 691 1189 748 et
1211 678 1429 770 quaestiones
1454 684 1581 763 μάλιστα
1609 679 1782 769 imprimis

459 800 573 861 autem
587 788 653 856 sibi
673 788 873 876 gratulatur
894 811 935 856 eo
959 788 1053 877 quod
1078 787 1164 855 sciat
1185 806 1303 872 regem
1327 805 1423 851 nosse
1441 805 1558 852 omnes
1575 784 1781 853 ludaeorum

458 916 570 964 mores
584 901 619 963 et
632 917 723 986 quae
737 894 820 963 inde
835 898 1047 963 enascuntur
1060 893 1117 960 vel
1130 892 1309 979 agitantur
1326 889 1580 981 disquisitiones
1595 897 1631 959 et
1644 898 1783 961 contro-

456 1003 601 1086 versias3
624 1003 673 1070 ita
693 1008 821 1088 μάλιστα
839 1001 885 1069 ad
904 998 1147 1068 antecedentia
1170 996 1324 1064 referunt
1338 993 1437 1084 (lap.
1454 995 1541 1062 Fett.
1560 995 1613 1064 Bi.
1643 998 1778 1086 Weiss),

458 1107 543 1177 dum
564 1108 625 1177 alii
646 1108 853 1200 particulam
878 1105 924 1173 ad
946 1105 1125 1196 sequentia
1146 1103 1290 1170 trahunt
1314 1123 1324 1168 ε
1346 1101 1515 1192 imprimis
1535 1122 1685 1190 gnarum
1708 1124 1780 1172 esse

456 1236 575 1304 regem
594 1213 700 1305 (Beel.
723 1210 876 1300 Wendt),
903 1211 954 1278 uti
969 1212 1040 1279 iam
1060 1211 1122 1280 Gir.
1141 1216 1269 1295 μάλιστα
1286 1212 1395 1288 εἰδὲ-,ες
1412 1210 1492 1291 eta,
1507 1207 1543 1275 id
1557 1209 1651 1299 quod
1665 1210 1780 1278 minus

458 1320 581 1411 placet.
601 1319 696 1388 Unde
713 1318 752 1385 in
775 1323 843 1385 mi
863 1317 939 1404 regi
963 1318 1059 1410 quasi
1082 1337 1145 1407 per
1160 1337 1196 1382 se
1212 1312 1354 1384 laudem
1368 1312 1488 1396 defert,
1505 1312 1544 1380 in
1558 1336 1590 1381 v.
1606 1322 1625 1383 3
1647 1338 1687 1383 ex
1705 1316 1780 1384 eius

377 1508 379 1512 Ι
455 1425 667 1513 cognitione
682 1445 800 1492 rerum
827 1422 1043 1492 iudaicarum
1072 1421 1175 1489 etiam
1203 1419 1372 1487 maiorem
1396 1418 1561 1487 fiduciam
1585 1421 1678 1511 capit
1706 1443 1778 1489 sese

455 1531 601 1600 beatum
610 1530 726 1598 dicens
740 1530 835 1622 quod
852 1529 956 1599 talem
968 1529 1098 1597 habeat
1111 1526 1274 1596 iudicem.

501 1641 584 1705 Cum
605 1636 724 1727 itaque
750 1658 809 1703 rex
835 1636 991 1722 cognitas
1013 1634 1143 1702 habeat
1164 1654 1217 1700 res
1234 1631 1402 1714 iudaicus,
1427 1631 1513 1722 petit
1531 1631 1576 1700 ab
1593 1654 1635 1700 eo
1650 1638 1778 1702 uicum

455 1741 719 1831 longanimitate
739 1763 776 1809 se
801 1741 940 1825 audiat,
966 1740 1030 1808 etsi
1053 1761 1193 1808 necesse
1217 1737 1259 1806 sit
1277 1736 1414 1825 longius
1431 1759 1594 1827 perorare
1615 1752 1780 1830 :propter

455 1848 550 1941 quod
563 1847 699 1916 obsecro
706 1848 884 1939 patienter
897 1868 951 1915 nte
966 1844 1165 1931 audias,·ci.
1182 1850 1275 1931 2t,t.
1289 1844 1498 1914 constructio
1509 1865 1634 1932 graeca
1644 1847 1779 1934 γνώστην

456 1961 526 2025 ὄντα
548 1960 599 2023 est
619 1954 804 2044 impedita3
831 1953 942 2023 facilis
960 1952 1118 2021 redditur
1135 1951 1255 2020 addito
1276 1957 1467 2035 ἐπιστάμενος
1483 1951 1573 2038 (vide
1585 1951 1670 2020 lect.
1687 1952 1779 2041 var.)

454 2082 559 2150 quam
582 2082 700 2128 vocem
724 2082 796 2129 non
819 2081 920 2150 posse
938 2059 1057 2127 abesse
1081 2057 1133 2125 Bt.
1156 2056 1342 2135 existimat3
1364 2060 1515 2124 attamen
1533 2056 1611 2124 Cirr.
1630 2056 1776 2148 Theoplr.

454 2188 531 2235 eam
556 2188 627 2234 non
654 2165 788 2234 habent
810 2164 930 2254 (habet
958 2163 1070 2253 Oea),
1097 2171 1132 2233 et
1156 2165 1224 2231 iarn
1252 2161 1341 2230 Beel.
1363 2161 1512 2230 advertit
1530 2161 1699 2230 eiusmodi
1718 2163 1780 2231 ab·

453 2273 585 2341 normis
611 2271 787 2364 participii
810 2277 1003 2341 structurae
1032 2271 1190 2361 exempla
1211 2290 1393 2338 occurrere
1416 2291 1555 2359 quoquc
1580 2269 1674 2360 apud
1697 2291 1780 2339 auc·

452 2384 545 2447 tores
558 2379 646 2447 bene
661 2379 836 2467 graecos&
851 2383 1072 2468 Exspectares
1084 2376 1203 2467 utique
1218 2381 1293 2466 post
1310 2380 1356 2444 ἐπὶ
1373 2391 1423 2444 σεῦ
1437 2376 1534 2465 sequi
1547 2377 1680 2465 γνώστου
1694 2383 1779 2458 ἔντος

452 2523 498 2536 -
511 2483 571 2552 alii
585 2484 757 2575 explicant
770 2507 833 2575 per
848 2484 1092 2564 anacoluthon,
1112 2481 1261 2550 voluisse
1277 2482 1350 2548 scil.
1369 2480 1510 2550 Paulum
1526 2486 1644 2570 postea
1663 2481 1779 2550 dicere

454 2593 674 2661 αἰτῶ-ἀκοῦσαι.
708 2589 866 2660 Defensio
895 2590 968 2659 eius
992 2588 1141 2680 simplici
1169 2587 1381 2678 expositione
1408 2586 1560 2654 veritatis
1583 2588 1780 2656 continetur

453 2721 494 2765 v.
515 2704 535 2766 i
561 2709 593 2766 et
611 2696 755 2788 quidem
775 2697 883 2764 uitam
900 2718 1011 2764 uteam
1035 2704 1088 2782 :ip
1103 2707 1156 2780 μὲν
1175 2697 1224 2763 οὗν
1244 2702 1342 2776 βίωσίν
1364 2723 1432 2778 μευ,
1448 2693 1639 2762 inserviunt
1659 2706 1712 2779 μὲν
1728 2697 1778 2764 οὖν

452 2802 647 2871 transitioni
671 2803 800 2892 (Klotz,
831 2808 952 2871 Devar.
983 2806 994 2869 l
1020 2825 1054 2892 p.
1082 2802 1174 2892 125),
1193 2808 1293 2883 ,tinas
1314 2800 1372 2890 (ci.
1395 2799 1496 2868 Eccli.
1516 2799 1670 2890 pralog.)
1689 2807 1779 2870 recte

453 2907 602 2999 explicat
623 2912 707 3000 Lap.
727 2910 819 2977 ritae
836 2915 932 2976 actus
949 2913 983 2976 et
998 2929 1121 2991 mores,
1138 2905 1433 2974 conversationem
1446 2928 1469 2973 a
1483 2905 1674 2989 ittoentute,
1689 2928 1780 2997 quae

451 3015 494 3082 od
519 3013 620 3082 initio
639 3015 717 3105 suit
739 3014 777 3081 in
804 3026 908 3104 pente
929 3036 1006 3081 tneo
1024 3012 1063 3080 iu
1078 3011 1294 3101 lcrosoiyutis
1310 3011 1479 3091 (abinitio
1500 3034 1568 3080 non
1583 3012 1689 3079 habet
1701 3013 1777 3100 gig)

452 3118 476 3186 i.
493 3142 524 3188 e.
545 3120 589 3188 ab
609 3121 754 3190 ineunte
778 3121 956 3189 iuventute
978 3124 1131 3186 versatus
1154 3124 1205 3186 ost
1229 3140 1299 3186 non
1314 3118 1426 3185 solum
1447 3118 1482 3185 in
1501 3118 1645 3200 iudaea,
1662 3116 1722 3186 sed
1741 3118 1777 3186 in

453 3228 528 3316 ipsa
545 3226 632 3294 urbe
656 3232 792 3310 sancta,
816 3227 860 3293 ci.
887 3232 980 3310 223,
1004 3237 1172 3293 eiecerunt
1193 3246 1308 3291 outnes
1323 3222 1443 3292 ludaei
1461 3246 1493 3290 v.
1511 3232 1531 3292 5
1547 3225 1779 3313 praescientes

451 3353 506 3399 me
522 3334 564 3399 ab
586 3332 687 3399 initio
708 3332 732 3399 i.
755 3355 786 3401 e.
808 3337 889 3400 ante
910 3332 975 3400 hoc
989 3338 1124 3423 tempus
1143 3352 1197 3399 me
1216 3336 1345 3398 norunt
1358 3328 1403 3397 ab
1422 3329 1537 3411 initio,
1554 3330 1585 3397 si
1604 3330 1712 3398 uelint
1726 3344 1777 3399 te·

450 3437 651 3506 stimonium
667 3437 863 3530 perhibere,
885 3437 1050 3529 quomam
1064 3436 1252 3506 secuudum
1266 3436 1486 3505 certissimam
1498 3448 1625 3504 sectam
1639 3448 1777 3505 nostrae

452 3543 632 3634 reliqionis
661 3544 737 3612 viai
754 3544 963 3634 pharisaeus
987 3548 1196 3632 ὰκριὸεστάτην
1221 3542 1408 3611 mcirndum
1431 3542 1697 3623 exactissimam,
1722 3565 1775 3612 se·

452 3649 664 3719 vcmssimam
683 3658 830 3730 sectam;
854 3651 953 3741 proin
971 3650 1037 3718 tuit
1055 3649 1172 3737 legum
1191 3647 1344 3718 omnium
1362 3670 1401 3717 ac
1415 3648 1640 3717 traditionum
1656 3649 1775 3719 obser·

449 3755 684 3836 vanfimimus3
702 3758 746 3824 ci.
765 3756 854 3826 Phil.
870 3763 941 3840 3,5.
957 3762 990 3824 t.

494 3866 611 3953 Neque
634 3884 743 3946 nunc,
772 3863 932 3953 quamvis
952 3885 972 3930 a
993 3862 1126 3931 ludaeis
1143 3867 1319 3931 accusatus
1335 3868 1368 3928 et
1385 3860 1464 3927 odio
1481 3860 1578 3928 letali
1596 3862 1776 3930 intestatus

449 3967 504 4052 sit,
521 3968 593 4037 ullo
609 3974 711 4059 pacto
726 3968 854 4037 deiecit
867 3991 889 4036 a
903 3969 1071 4057 religione
1086 3975 1232 4060 paterna
1248 3991 1280 4035 r.
1295 3975 1315 4035 s
1330 3979 1362 4035 et
1379 3988 1470 4034 istene
1486 3966 1522 4034 in
1536 3989 1596 4057 spo
1612 3969 1662 4037 ἐπ’
1679 3975 1777 4038 itatis

483 4176 505 4223 t.
521 4169 656 4224 Eiusmodi
673 4169 790 4236 exempla
804 4170 882 4223 alieri
899 4173 1036 4236 l’tacriiu,
1050 4170 1083 4222 de
1098 4172 1242 4237 praecipuis
1257 4185 1295 4235 gr.
1310 4171 1372 4223 dict.
1387 4170 1526 4224 idiotismis
1543 4184 1591 4236 cap
1605 4178 1620 4222 t
1635 4185 1659 4223 s.
1681 4176 1703 4227 t,
1720 4173 1775 4231 xit,

449 4254 544 4302 nouus
561 4269 568 4303 ε
588 4250 737 4317 aliquando,
753 4250 799 4302 md
820 4251 904 4303 rarius
927 4250 1056 4317 participii
1074 4265 1149 4302 casus
1166 4251 1192 4302 ln
1215 4252 1389 4303 accumtirmn
1408 4255 1535 4310 mutatur,
1557 4250 1616 4302 licet
1639 4250 1775 4316 praecedat

449 4343 542 4381 nomen
556 4335 600 4382 aut
615 4345 757 4397 pronomen
772 4334 819 4382 aut
833 4329 904 4382 aliud
921 4331 1086 4396 participium
1105 4330 1131 4381 io
1147 4330 1250 4382 diverso
1263 4344 1332 4383 casu.
1349 4334 1381 4382 Et
1394 4330 1548 4383 sicilicum
1560 4332 1634 4381 notet
1648 4329 1690 4393 (ad
1707 4329 1775 4383 etat.

448 4409 555 4475 nepoti
575 4411 628 4476 2,1)
647 4428 654 4461 2
674 4411 838 4463 accnutimt
856 4411 986 4477 participii
1001 4409 1108 4462 adtttur
1122 4408 1181 4461 licet
1197 4411 1332 4475 praecedat
1349 4417 1400 4469 tole
1413 4411 1578 4477 ἕπιχιιροῦσιν
1591 4415 1619 4462 et
1632 4410 1665 4461 ad
1679 4412 1774 4464 cereta

448 4487 630 4554 intelllgcndus
643 4490 678 4542 tlt
693 4490 824 4557 genitivus
837 4491 931 4543 αὐτῶν.
947 4493 999 4543 Nec
1013 4495 1096 4542 tamen
1113 4490 1214 4542 Platoni
1225 4489 1268 4541 hic
1282 4504 1344 4541 usus
1357 4489 1506 4555 intraquens
1517 4504 1542 4540 r.
1559 4504 1671 4557 sympos.
1687 4505 1713 4557 p.
1728 4496 1774 4544 tto

447 4570 482 4619 Ι).
500 4571 577 4635 Gorg.
588 4582 614 4635 p.
626 4573 675 4622 tac
690 4574 722 4623 lt.
740 4585 765 4637 p.
781 4575 828 4624 492
842 4572 871 4623 Β.
884 4585 909 4637 p.
927 4577 975 4623 tto
989 4572 1018 4622 li.
1033 4584 1058 4636 p.
1073 4574 1119 4622 itt
1134 4572 1163 4621 li.
1179 4569 1210 4621 al.
1229 4598 1260 4607 -
1275 4571 1370 4622 Verum
1383 4584 1441 4622 cum
1459 4569 1583 4622 habmtur
1597 4571 1695 4621 mentio
1707 4570 1771 4623 tub-

447 4647 507 4700 iecti
518 4667 548 4702 aa
559 4648 592 4701 ad
610 4649 677 4711 ὄντα,
694 4656 785 4704 censet
797 4655 949 4705 Buttmann
969 4665 993 4716 p.
1009 4656 1056 4703 272
1074 4652 1248 4703 acenmtirum
1265 4649 1410 4703 absolutum
1424 4650 1467 4702 hic
1485 4652 1589 4715 agnosci
1603 4650 1711 4715 debere,
1724 4653 1770 4719 qul

447 4728 516 4795 apud
530 4731 640 4784 Gnaeos
653 4729 738 4784 colum
753 4732 892 4785 adhibetur
905 4731 1169 4799 praescientiamve!
1183 4733 1269 4800 ὥσπιρ
1282 4730 1316 4783 cl.
1333 4734 1442 4796 tit-naec
1454 4736 1562 4795 sonno.
