4154 5452
237 375 297 437 106
785 396 851 441 scr.
873 380 1029 467 33134.Ι

237 524 402 593 advitam
417 527 608 612 revocavit,
624 550 745 596 verum
763 529 867 597 etiam
885 551 919 597 v.
939 535 983 597 al
1007 528 1098 595 bunc
1110 526 1312 618 principem
1333 529 1438 595 τοῦτον
1464 535 1479 595 ὁ
1501 535 1568 608 θεὸς

234 633 371 721 ἀρχηγὸν
391 636 466 726 ipsa
485 634 711 703 collocatione
726 634 864 701 effertur
881 633 1050 724 oppositio
1072 633 1149 715 illa,
1168 632 1253 720 quid
1275 632 1359 723 ipsi,
1378 629 1463 723 quid
1479 635 1566 699 Deus

233 738 347 807 eidem
362 746 436 808 lesu
449 739 606 819 contulit,
623 751 657 805 et
670 737 874 806 saluatorem
885 741 971 805 Deru
988 736 1154 805 exaltavit
1168 737 1310 804 dextera
1319 759 1405 825 sua,
1424 737 1482 805 hic
1496 736 1564 805 ite-

233 867 302 934 que
321 853 372 913 est
385 867 540 912 summus
551 843 673 933 populi
689 843 768 927 dux,
786 844 842 908 hic
856 845 975 909 unicus
988 843 1107 911 salutis
1120 847 1240 910 auctor
1253 850 1287 908 ct
1297 841 1447 931 largitor
1459 851 1495 913 et
1508 843 1566 912 hio
1599 830 1603 837 ’

233 951 367 1043 potenti
380 953 439 1018 Dei
458 971 563 1016 manu
576 947 742 1015 exaltatus
754 949 855 1015 estin
870 947 1004 1015 coelum
1020 948 1128 1037 (233)
1139 944 1189 1015 ad
1208 945 1365 1014 dandam
1379 950 1561 1039 poeniten·

234 1057 321 1124 tiam
331 1053 453 1123 Israeli
462 1065 495 1120 et
504 1052 737 1121 remissionem
740 1065 961 1144 pcccatorum
966 1074 983 1140 ,·
993 1054 1096 1144 proin
1106 1051 1300 1121 misericors
1311 1054 1370 1120 Dei
1381 1056 1564 1124 consilium

232 1169 267 1229 et
280 1182 376 1251 spem
390 1158 512 1227 salutis
533 1158 617 1249 ipsis
638 1158 837 1248 synedristis
851 1159 962 1250 aperit
972 1164 1102 1227 Petrus.
1117 1157 1242 1227 Christi
1256 1160 1374 1250 itaque
1394 1159 1510 1247 gloria
1528 1160 1565 1228 in
1595 1207 1600 1216 -

127 1281 139 1295 “’
233 1271 391 1334 nostrum
402 1265 538 1353 bonum
551 1265 724 1335 redundat
734 1288 742 1350 ;
754 1266 913 1335 similiter
923 1264 1006 1334 dicit
1019 1255 1213 1356 apostolus:
1228 1265 1414 1334 resurrexit
1423 1271 1564 1357 propter

232 1371 512 1441 iustificationem
540 1379 692 1440 nostram
711 1371 822 1462 (Rom.
841 1372 932 1463 335)
952 1372 977 1441 i.
999 1395 1030 1439 c.
1056 1394 1097 1440 ex
1111 1371 1170 1440 Dei
1188 1371 1332 1439 oonsilio
1354 1373 1506 1440 Christus
1526 1371 1564 1440 in

233 1478 349 1565 gloria
363 1478 568 1546 constitutus
582 1479 706 1545 merita
716 1499 778 1547 sua
791 1477 891 1546 nobis
908 1479 1074 1569 applicat,
1093 1478 1251 1546 homines
1263 1480 1464 1568 operatione
1485 1478 1566 1569 Spi-

233 1586 318 1651 ritus
333 1584 444 1652 sancti
458 1584 504 1652 ad
516 1583 765 1674 poenitentiam
774 1588 809 1650 et
819 1582 1097 1651 iustificationem
1107 1582 1260 1651 adducit.
1275 1587 1315 1650 ut
1324 1596 1565 1673 quamverum

232 1692 278 1756 sit
296 1689 393 1780 quod
410 1690 556 1757 asseruit
577 1687 711 1779 duplici
732 1697 937 1777 argumento
953 1688 1165 1757 demonstrat
1185 1712 1219 1757 v.
1244 1694 1288 1755 32
1317 1700 1564 1758 cenassemus

234 1806 335 1863 testes
359 1793 481 1862 borum
500 1797 694 1888 certorum,
717 1795 847 1887 explica
862 1817 923 1886 per
940 1794 1174 1863 hebraismum
1188 1809 1285 1862 nitar
1300 1817 1434 1878 rerum,
1451 1817 1567 1864 resur·

169 1916 172 1919 ’
231 1899 409 1984 rectionis,
427 1900 655 1985 exaltationis,
673 1924 752 1969 eum
769 1923 841 1969 esse
858 1902 1076 1982 salvatorem
1097 1901 1201 1970 simul
1217 1900 1371 1969 dederat
1390 1901 1563 1992 apostolo-
1660 1947 1662 1951 .

182 2094 184 2099 Ι
233 2008 313 2074 runi
330 2007 540 2095 dignitatem
562 2014 597 2075 et
615 2026 758 2088 munus3
780 2011 881 2076 testes
899 2013 979 2076 sunt
992 2006 1207 2095 magnalium
1222 2008 1293 2089 Dei,
1307 2012 1412 2077 testes
1426 2030 1558 2091 rerum,

232 2113 270 2180 in
292 2113 420 2203 quibus
441 2114 554 2211 omnis
577 2136 654 2205 spes
680 2113 939 2182 salutisnilitur
952 2119 995 2181 et
1010 2114 1095 2182 tales
1113 2118 1213 2182 testes
1225 2113 1354 2182 debent
1367 2112 1578 2200 testificari,¹

235 2218 455 2309 praedicare;
472 2229 504 2287 ἐν
519 2224 599 2308 αὐτῷ
618 2221 643 2287 i.
660 2243 691 2289 e.
707 2218 939 2288 testimonium
953 2241 1072 2288 eorum
1086 2219 1192 2288 habet
1206 2218 1346 2288 firmum
1360 2242 1464 2289 suum
1480 2221 1563 2289 iun·

236 2324 440 2392 dementum
458 2324 496 2391 in
522 2347 581 2408 eo;
606 2320 728 2393 totum
740 2326 900 2394 innititur
917 2332 951 2393 et
968 2325 1109 2394 fulcitur
1129 2325 1168 2392 in
1183 2348 1235 2394 eo.
1256 2324 1308 2393 Ad
1324 2326 1496 2416 apostolos
1509 2331 1562 2393 te·

233 2437 300 2498 stes
329 2430 419 2497 alter
442 2429 577 2498 accedit
601 2431 695 2499 testis
720 2443 754 2499 et
779 2431 928 2523 Spiritus
955 2443 1094 2499 sanctus
1115 2453 1216 2521 quem
1244 2428 1342 2498 dedit
1358 2433 1450 2498 Deus
1474 2433 1560 2521 (om-

232 2534 345 2624 nibus)
371 2535 606 2605 obedientibus
627 2536 712 2619 sibi,
737 2539 833 2606 cuius
849 2537 1085 2606 testimonium
1109 2537 1328 2605 manifestum
1352 2544 1499 2628 apparet
1521 2537 1558 2605 iu

156 2668 158 2671 ’
232 2642 466 2725 charismatiS,
493 2642 531 2711 in
558 2642 649 2711 dono
670 2643 888 2731 linguarum,
908 2643 946 2711 in
964 2643 1142 2712 miraculis
1160 2649 1194 2710 et
1210 2642 1336 2731 signis,
1357 2664 1447 2734 quae
1460 2665 1560 2733 syne-
1643 2674 1646 2679 ·

232 2747 360 2817 dristae
374 2770 506 2837 negare
525 2771 596 2816 non
610 2756 766 2839 possunt.

277 2853 396 2921 Omnis
418 2854 481 2944 qui
499 2855 589 2922 rnale
608 2855 681 2942 agit
693 2854 767 2922 odit
784 2855 894 2923 lucem
913 2855 1020 2945 (loen.
1038 2854 1131 2945 330)
1151 2860 1187 2922 et
1199 2854 1277 2924 luce
1291 2855 1358 2923 hac
1371 2853 1413 2922 iis
1427 2877 1558 2946 propo-

231 2960 298 3029 sita
323 2959 368 3028 ad
398 2962 565 3029 maiorem
592 2961 745 3029 furorem
773 2984 837 3053 pro
862 2961 954 3030 mala
981 2984 1045 3030 sua
1074 2960 1286 3030 conscientia
1306 2967 1556 3051 provocentur,

231 3066 528 3157 quemadmodum
542 3068 632 3135 oculi
644 3068 742 3155 aegri
756 3067 888 3135 lumine
906 3068 985 3136 solis
1006 3066 1246 3153 offenduntur3
1267 3089 1300 3134 v.
1318 3073 1362 3135 33
1377 3066 1462 3135 baec
1480 3078 1558 3136 cum

231 3171 426 3261 audissent,
444 3171 704 3259 dissecabantur
720 3181 881 3263 διεπρίοντο
899 3196 992 3243 serra
1010 3173 1284 3259 dissecabantur,
1300 3174 1325 3241 i.
1341 3195 1373 3241 c.
1391 3172 1558 3263 indigna-

230 3281 343 3365 tione,
361 3282 414 3347 ira
429 3281 528 3369 quasi
546 3301 642 3347 serra
657 3279 806 3369 quadarn
823 3279 931 3348 animi
944 3300 1062 3348 eorum
1078 3279 1183 3348 veluti
1197 3277 1459 3347 dissecabantur
1470 3285 1506 3347 et
1519 3278 1556 3346 in

231 3391 365 3453 tantam
380 3385 513 3453 rabiem
532 3384 818 3470 conficiebantur,
839 3386 960 3454 utiam
974 3407 1031 3454 eos
1044 3383 1243 3452 interimere
1267 3384 1422 3454 vellent:
1442 3397 1478 3454 et
1500 3407 1557 3453 co-

231 3491 392 3582 pitabant
417 3492 608 3582 interficere
627 3490 704 3559 illos
728 3500 901 3575 ἐξώλοντο,
927 3492 1142 3583 propositum
1161 3490 1356 3576 habebunt,
1383 3492 1555 3560 exanimi

232 3597 357 3665 affectu
374 3596 574 3686 cupiebant.
591 3601 715 3664 l'erum
739 3596 828 3665 hanc
842 3599 1035 3666 animorum
1051 3595 1370 3665 excandescentiam
1386 3596 1556 3687 aliquate-

230 3725 295 3771 nus
309 3702 472 3793 repressit
485 3702 689 3792 pharisaeus
702 3701 856 3791 quidam.
877 3707 963 3770 Sunt
973 3701 1147 3792 pharisaei
1161 3707 1247 3769 teste
1262 3703 1408 3792 losepho
1422 3702 1551 3793 (inliq.

232 3809 384 3897 13,10,o)
392 3808 545 3875 naturali
557 3807 674 3876 indole
681 3808 865 3876 clementes
874 3808 909 3875 in
919 3829 1030 3898 poena
1040 3807 1238 3896 irroganda,
1249 3806 1335 3876 dum
1346 3807 1556 3877 sadducaeos

230 3914 314 3982 dicit
331 3934 415 4003 prae
434 3914 556 3982 ceteris
575 3914 711 3983 ludaeis
727 3914 884 3983 crudeles
901 3912 1028 4004 (Antiq.
1049 3913 1202 4003 20,9,1);
1221 3919 1403 4004 praetcrea
1425 3913 1568 3983 saddu··

228 4021 318 4089 cacis
331 4018 473 4109 quidem
490 4021 621 4087 mentio
635 4020 892 4088 resurrectionis
904 4022 973 4088 ium
987 4025 1061 4088 crat
1073 4019 1252 4088 offensioni
1268 4019 1370 4111 (ht),
1384 4041 1455 4089 non
1469 4021 1553 4089 item

227 4125 434 4219 pharisaeis,
453 4124 658 4194 adversariis
671 4124 952 4196 sadducaeorum.
971 4132 1111 4217 lusuper
1125 4125 1293 4196 Gamaliel
1309 4128 1450 4194 vireret
1469 4148 1554 4217 pru·

101 4238 104 4241 ’
132 4240 134 4245 ’
230 4233 333 4317 dens,
351 4231 477 4315 iustus,
499 4233 822 4322 aequitatisamans,
833 4233 987 4300 liberalis
999 4231 1152 4321 ingenii,
1169 4255 1202 4302 v.
1219 4238 1262 4301 33
1277 4254 1423 4323 serpens
1436 4245 1553 4301 autem

229 4338 374 4433 quidam
388 4338 427 4405 in
445 4337 592 4405 concilio
606 4337 822 4428 pharisaeus,
849 4339 986 4408 seomiae
1003 4337 1191 4422 Gamaliel,
1209 4337 1297 4429 lepis
1311 4336 1432 4407 doctor
1448 4336 1554 4407 bono·

228 4446 349 4515 rabilis
377 4445 559 4513 universae
576 4443 688 4536 plebi,
715 4447 775 4536 qui
800 4446 997 4514 nominatur
1021 4445 1057 4514 in
1082 4445 1239 4543 mischpa
1260 4444 1395 4513 rabban
1408 4444 1553 4513 Gamliel
1667 4446 1703 4517 ,Ψ

230 4552 349 4621 senior
360 4561 394 4621 et
411 4550 543 4620 ibidem
560 4573 773 4639 magnacum
788 4552 890 4651 laude
904 4552 1110 4633 celebratur,
1129 4551 1225 4619 itaut
1241 4551 1399 4621 dicatur:
1415 4556 1552 4620 mortuo

228 4659 414 4729 Gamaliele
428 4680 509 4727 senc
530 4659 669 4727 evanuit
686 4658 798 4727 honor
815 4658 900 4747 legis
911 4657 968 4749 (cl.
986 4657 1217 4727 Surenbusius
1234 4659 1291 4725 III
1309 4680 1345 4748 p.
1368 4659 1447 4749 313)
1462 4664 1497 4726 et
1514 4658 1551 4726 in
1590 4702 1601 4735 ,-

230 4765 491 4857 quaestionibus
505 4765 593 4853 legis
608 4786 712 4855 saepe
726 4765 798 4834 eius
814 4765 853 4832 fit
866 4766 994 4834 mentio
1010 4765 1067 4855 (cl.
1083 4765 1109 4833 l.
1129 4786 1159 4833 c.
1178 4768 1190 4831 l
1209 4787 1245 4855 p.
1267 4769 1392 4846 315311
1412 4771 1495 4850 3313
1512 4768 1553 4832 lll
1587 4850 1592 4860 θ
