4092 5490
1041 426 1107 470 ner.
1135 409 1297 478 laet-ea.
1770 416 1829 476 271

504 589 521 624 «
546 561 763 631 reductorem
790 589 808 625 n
826 558 895 627 sihi
912 557 1015 645 fingit
1030 557 1111 624 satis
1124 557 1292 647 ineptum,
1311 557 1370 646 qui
1384 556 1423 624 in
1436 580 1468 624 v.
1489 563 1590 625 mee
1605 564 1714 630 totam
1730 563 1829 632 addi-

502 668 592 738 derit
609 666 882 747 multitudinem,
903 662 1095 748 eoclesiam,
1118 663 1161 731 de
1176 685 1246 755 qua
1259 663 1297 731 in
1309 687 1341 730 v.
1360 663 1481 732 anihil
1496 666 1703 752 continetur,
1720 673 1829 760 etqui
1847 692 1850 759 j

499 776 604 867 proin
625 774 723 842 illam
744 769 1050 839 contradictionem
1071 777 1104 838 et
1127 771 1231 838 fontis
1249 769 1401 838 historici
1425 773 1679 862 perversionem
1703 796 1828 842 narra-

500 882 588 950 tioni
602 876 799 969 asperserit.
819 876 886 945 Sed
905 877 982 967 quis
995 899 1066 944 non
1082 876 1177 945 videt
1194 876 1306 944 varios
1324 877 1491 965 distingui
1509 882 1722 948 conventus?

465 1002 469 1009 ·
546 991 617 1054 lam
641 983 802 1053 sollemni
819 983 970 1051 formula
993 983 1191 1050 declaratur
1209 982 1296 1073 quid
1313 983 1529 1051 constitutum
1546 985 1590 1052 sit
1606 1008 1639 1054 v.
1656 993 1699 1055 28
1714 987 1827 1057 visum

500 1104 550 1161 est
575 1091 669 1159 enim
687 1090 841 1183 Spe-itui
862 1100 980 1157 sancto
1003 1100 1036 1155 et
1056 1089 1151 1155 nodis
1176 1089 1267 1156 nihil
1289 1088 1382 1157 ultro
1404 1090 1578 1182 imponere
1600 1091 1695 1159 vodis
1713 1094 1828 1162 oneris

500 1220 605 1290 quam
627 1199 710 1265 iaec
731 1193 937 1275 necessaria,
958 1216 990 1260 v.
1014 1199 1057 1260 29
1073 1203 1113 1260 ut
1129 1194 1328 1262 abstinentis
1344 1217 1401 1263 vos
1418 1199 1460 1263 ab
1479 1196 1665 1266 immolatis
1680 1197 1826 1268 sitnota-

501 1327 636 1374 crorum
656 1316 691 1372 et
713 1300 888 1392 sanquine
911 1310 944 1367 et
963 1299 1136 1390 suffocato
1152 1312 1183 1389 et
1198 1301 1450 1389 fornicatione;
1470 1303 1608 1372 vidend
1625 1327 1658 1373 r.
1680 1312 1740 1387 203
1758 1307 1826 1375 tria

500 1413 619 1501 priora
634 1409 757 1498 utique
781 1405 971 1475 necessaria
991 1412 1071 1473 sunt
1090 1406 1224 1473 ratione
1237 1405 1356 1474 habita
1370 1407 1565 1502 commercii
1577 1431 1654 1478 cum
1670 1412 1822 1497 ludaeis;

500 1521 581 1584 suut
592 1515 711 1604 itaque
724 1518 869 1604 propter
880 1511 1111 1581 conditionem
1125 1513 1383 1581 etaversionem
1399 1513 1603 1584 ludaeorum
1612 1518 1822 1598 necessaria3

500 1622 604 1712 proin
625 1642 690 1711 pro
707 1619 777 1688 illis
794 1619 923 1710 quibus
946 1641 986 1686 ea
1005 1618 1235 1709 prohibentur
1253 1624 1392 1709 possunt
1411 1620 1479 1687 dici
1494 1621 1697 1711 simpliciter
1711 1645 1825 1692 neces-

499 1728 590 1796 saria
608 1725 799 1796 secundum
820 1730 969 1794 mentem
986 1725 1233 1814 apostolorum.
1249 1730 1359 1803 Quare
1373 1726 1544 1795 immerito
1561 1728 1697 1817 oggerit
1716 1731 1826 1799 Weiss

499 1856 621 1902 vocem
641 1844 702 1903 τῶν,
718 1837 887 1921 ἐπάναγκες
907 1852 977 1898 non
991 1852 1181 1918 congruere
1201 1853 1279 1898 oum
1293 1854 1327 1899 v.
1345 1837 1405 1913 21;
1421 1855 1443 1900 o
1457 1833 1582 1923 quidus
1596 1835 1825 1905 custodientes

501 1962 559 2008 vos
591 1943 674 2007 dene
702 1937 832 2030 npetu,
861 1940 895 2041 fd
926 1941 1074 2025 πράξετε,
1104 1936 1196 2005 bene
1227 1960 1286 2006 vos
1313 1937 1498 2024 habebitis,
1527 1939 1674 2011 feliciter
1702 1943 1826 2013 vivetis

503 2045 636 2138 (Lep.);
665 2044 776 2112 aderit
802 2065 869 2134 pax
890 2048 924 2110 et
943 2043 1145 2127 concordia3
1172 2047 1205 2112 ei
1229 2052 1367 2132 πράττειν
1396 2051 1445 2113 est
1463 2068 1591 2135 graeca
1612 2049 1763 2118 formula
1787 2049 1823 2116 in

501 2144 652 2243 c'pistolis
679 2151 770 2241 (Bl.;
789 2149 833 2219 cl.
859 2150 946 2240 eph.
969 2149 1076 2239 tel),
1094 2149 1182 2217 siout
1196 2151 1300 2217 etiam
1322 2173 1329 2218 :
1347 2152 1465 2237 valete,
1483 2162 1630 2242 epponem
1644 2155 1689 2223 cl.
1704 2161 1821 2237 eleo,

500 2257 552 2327 uti
572 2258 693 2326 eadem
717 2278 842 2345 graeca
866 2254 921 2348 usi
941 2262 1021 2322 suut
1038 2254 1188 2322 turmula
1206 2255 1243 2322 in
1260 2255 1359 2323 initio
1375 2266 1500 2346 χαίρειν.
1518 2262 1606 2327 llaec
1623 2258 1741 2351 itaque
1752 2261 1824 2330 illis

500 2363 798 2456 praescribuntur,
828 2362 1055 2451 imponuntur
1075 2383 1164 2428 novo
1194 2360 1293 2428 titulo
1319 2385 1468 2454 eousque
1494 2364 1669 2449 inaudito,
1692 2390 1764 2435 non
1785 2367 1823 2437 vi

499 2470 587 2559 legis
617 2469 790 2539 mosaicae
815 2468 906 2558 (lev.
938 2468 1006 2557 17),
1034 2467 1096 2535 sed
1124 2468 1326 2536 auctoritate
1357 2471 1604 2560 apostolorum,
1632 2474 1694 2563 qui
1718 2473 1824 2542 simul

499 2577 706 2670 profitentur
725 2597 826 2644 suum
848 2575 1025 2642 decretum
1046 2574 1217 2662 dirigente
1243 2596 1283 2643 ac
1303 2574 1447 2643 docente
1467 2577 1595 2667 Spiritu
1614 2584 1731 2647 sancto
1750 2601 1823 2648 esse

500 2683 709 2753 conlectum.
744 2685 909 2749 Exercent
934 2700 1018 2766 ergo
1046 2684 1247 2770 potestatem
1274 2680 1467 2767 legiferam,
1499 2682 1716 2774 praecipiunt
1743 2706 1822 2754 eum

500 2791 719 2869 auctoritate3
749 2786 864 2855 sciunt
885 2807 921 2853 se
943 2784 1022 2852 duci
1042 2786 1286 2875 perspiritum
1305 2793 1470 2856 sanctum.
1488 2793 1548 2872 En,
1566 2788 1616 2859 ita
1629 2790 1700 2859 iam
1717 2814 1823 2882 opere

500 2896 767 2964 manifestentur
786 2914 876 2983 quaa
899 2896 990 2959 lesus
1014 2892 1110 2959 dedit
1132 2914 1172 2960 ae
1193 2892 1431 2981 promisimus.
1457 2895 1703 2982 llatth.18,18.
1727 2903 1821 2966 loan.

503 3008 622 3088 lt,ee;
641 3006 762 3084 15,ee;
782 3005 896 3083 16,13.

407 3138 412 3147 ·
545 3113 635 3176 Beue
655 3110 754 3175 notat
772 3103 826 3172 Ill.
847 3125 861 3171 :
884 3133 899 3165 κ
924 3104 1024 3171 multi
1041 3104 1145 3171 tidem
1163 3105 1357 3173 universam
1371 3104 1473 3173 huius
1487 3105 1617 3176 decreti
1635 3109 1824 3199 impugna-

501 3220 599 3298 runt,
622 3212 732 3281 innixi
757 3210 905 3280 manium
927 3211 1023 3278 Pauli
1046 3209 1159 3277 verbis
1180 3211 1251 3279 Gal.
1278 3217 1335 3293 en
1354 3233 1424 3301 seq.
1449 3234 1511 3282 cur
1526 3235 1608 3282 vero
1623 3216 1747 3283 Paulus
1763 3216 1823 3284 de-

500 3326 633 3389 cretum
672 3317 980 3386 commemoraret?
1016 3338 1100 3383 num
1132 3317 1333 3384 arroteritate
1365 3317 1489 3404 egebat
1517 3321 1748 3411 apostolorum
1776 3323 1849 3414 adp

500 3430 687 3518 praecepta
706 3446 768 3493 sua
787 3423 1020 3510 iniungenda,
1043 3443 1121 3489 cum
1145 3444 1279 3512 semper
1295 3424 1467 3514 praedicet
1484 3445 1520 3492 se
1535 3425 1606 3494 illis
1624 3448 1697 3495 nou
1711 3428 1822 3496 mino·

500 3556 573 3602 reru
594 3535 686 3602 csse?
702 3531 820 3621 itaque
839 3528 927 3596 nihil
946 3535 1009 3609 est,
1027 3551 1088 3595 cur
1101 3527 1146 3594 de
1163 3532 1269 3596 Lucae
1284 3529 1350 3597 tide
1367 3530 1606 3601 dubitemus».
1621 3534 1732 3603 Etiam
1746 3555 1822 3602 me-

499 3640 577 3721 lius,
599 3661 662 3709 cur
680 3636 810 3706 decreti
832 3658 904 3704 uon
925 3635 1136 3702 mentionem
1161 3635 1280 3718 saciat,
1306 3637 1487 3727 respondet
1508 3638 1667 3729 Gornely‚
1688 3640 1818 3708 lutrod.

501 3751 556 3815 lll.
580 3751 613 3814 2.
641 3744 696 3813 ed.
721 3767 756 3834 p.
779 3748 860 3823 33t;
883 3742 1053 3828 agebatur
1071 3741 1201 3831 quippe
1221 3741 1310 3833 apud
1330 3742 1462 3811 Galatas
1478 3744 1675 3814 nullatenus
1688 3746 1822 3815 desen-

500 3852 609 3922 tentia
627 3850 814 3941 reprobata
831 3872 839 3918 ε
854 3849 920 3916 nisi
938 3847 1244 3930 circumcidamini,
1263 3870 1330 3914 non
1349 3849 1487 3939 potestis
1503 3851 1645 3935 salvari3
1664 3852 1821 3944 quaestio

501 3964 575 4028 erat
591 3958 698 4049 plane
718 3957 796 4038 alia,
819 3956 863 4023 cl.
882 3955 955 4024 Gal.
977 3961 1032 4038 3,3
1048 3953 1102 4043 (ol.
1121 3953 1267 4044 Cornely
1282 3953 1306 4020 l.
1321 3978 1350 4021 c.
1367 3978 1401 4045 p.
1419 3961 1483 4023 tae
1497 3978 1569 4048 seq.
1585 3964 1619 4025 et
1636 3958 1709 4026 eius
1723 3964 1822 4028 Com-

501 4069 606 4136 meut.
625 4063 663 4132 in
682 4062 785 4151 Gal).
804 4061 880 4130 Alio
897 4061 997 4128 modo
1013 4061 1115 4129 fidem
1135 4059 1340 4128 narrationis
1359 4061 1545 4130 convellere
1560 4063 1675 4132 studet
1694 4066 1820 4135 Weiss.

501 4175 551 4265 (p.
589 4177 652 4240 179
677 4169 784 4260 seq.);
810 4168 879 4235 tale
907 4166 1082 4235 decretum
1108 4166 1294 4257 aliquando
1321 4168 1481 4236 exstitisse
1507 4175 1541 4238 et
1566 4170 1694 4240 habere
1719 4175 1823 4263 proin

500 4278 740 4349 auctoritatem
761 4275 957 4343 historicam
981 4273 1150 4341 concedit.
1178 4279 1218 4340 m
1241 4280 1344 4361 negat
1363 4297 1403 4343 co
1421 4282 1573 4367 tempore
1591 4277 1629 4345 in
1650 4285 1823 4347 conventu

502 4385 737 4478 apostolorum
753 4404 824 4451 esse
839 4380 1026 4449 conditum.
1049 4384 1115 4448 Cur
1135 4383 1259 4468 negat?
1274 4382 1455 4470 respondet
1474 4404 1481 4450 :
1498 4382 1674 4451 decretum
1687 4384 1822 4453 ratione

502 4493 622 4562 addita
636 4514 658 4560 a
677 4490 800 4559 laccho
814 4511 856 4556 eo
870 4488 945 4555 loco
965 4509 1036 4554 uon
1054 4486 1155 4554 solvit
1169 4488 1400 4576 quaestionem
1413 4487 1448 4554 in
1463 4488 1645 4557 lerusalem
1662 4492 1822 4581 proposi·

501 4605 591 4682 tam3
614 4619 728 4688 neque
747 4596 840 4664 enim
854 4592 1050 4663 decernitur
1063 4593 1146 4683 quid
1165 4592 1311 4681 gentiles
1325 4593 1472 4661 debeant
1487 4594 1681 4678 observare,
1699 4602 1738 4665 ut
1751 4597 1822 4665 sint

503 4697 700 4788 christiani,
724 4701 785 4771 sed
804 4701 846 4770 iis
871 4699 1127 4791 praescribitur,
1151 4700 1236 4790 quid
1263 4700 1443 4771 observare
1464 4701 1628 4786 debeant,
1658 4703 1719 4771 ubi
1742 4726 1821 4773 cum

502 4811 641 4883 ludaeis
663 4812 861 4890 versantur3
885 4808 1038 4897 quaestio
1061 4805 1104 4873 de
1123 4808 1362 4876 commuuione
1383 4808 1463 4877 fidei
1484 4832 1554 4878 uon
1569 4809 1681 4879 soluto
1697 4816 1758 4880 est.
1776 4851 1821 4863 -
