4054 5442
1020 338 1087 382 scr.
1111 322 1228 432 itti-5.
1726 324 1784 387 393

455 476 490 539 et
512 472 640 563 ubique
663 477 872 558 ἁπεδεχὲμεθκ
896 470 981 536 haee
995 490 1075 535 cum
1088 467 1219 556 gaudio
1235 469 1434 559 excipimus.
1450 469 1646 558 lmpudenti
1660 472 1783 541 adula-

458 579 547 646 tione
566 578 757 646 causidicus
776 573 1053 642 benevolentiam
1077 574 1246 665 praesidis
1265 579 1404 664 captare
1420 574 1546 642 studet.
1567 576 1700 644 Laudat
1724 601 1783 668 pa·
1911 630 1914 635 ,

456 707 534 770 οθιη
551 684 694 751 multam
719 686 753 747 et
771 679 1036 770 prosperitatem
1051 703 1121 771 qua
1135 682 1293 750 fruantur
1308 686 1341 749 et
1355 679 1612 748 emendationes
1626 681 1662 747 in
1678 682 1783 751 rebus

457 787 604 881 publicis
626 784 671 854 ad
699 785 819 876 populi
841 786 1062 854 commodum
1083 787 1200 855 factas.
1224 786 1292 855 Sed
1311 809 1381 877 qua
1399 785 1533 854 ratione
1553 785 1644 853 Felix
1663 809 1780 855 revera

455 891 670 982 gubernarit,
697 891 779 960 satis
800 892 993 961 ostenditur
1014 894 1098 961 locis
1114 892 1228 960 allatis
1246 892 1352 960 Taciti
1372 892 1709 983 (suismetipsis
1728 914 1784 960 ac·

456 998 630 1068 cusatione
649 1020 754 1090 quam
776 997 895 1067 ludaei
907 1004 1026 1067 contra
1040 1020 1119 1066 eum
1140 998 1362 1066 instituerunt
1381 997 1573 1089 (Iosephus,
1591 999 1707 1089 antiq.
1726 1004 1780 1079 20,

456 1104 540 1196 8,9).
565 1106 665 1173 Dedit
689 1106 829 1196 quidem
849 1104 941 1172 Felix
955 1119 1105 1194 operam
1127 1103 1317 1172 latrociniis
1335 1103 1576 1195 reprimendis,
1593 1104 1651 1173 sed
1666 1110 1783 1173 tamen

455 1211 527 1280 eius
546 1211 650 1302 culpa
684 1215 718 1278 et
733 1208 920 1277 saeviendi
949 1210 1084 1277 ratione
1112 1209 1298 1279 seditiones
1326 1215 1361 1278 et
1385 1210 1509 1278 turbae
1535 1217 1720 1278 creverunt
1749 1217 1784 1277 et

455 1317 586 1386 bellum
613 1315 788 1384 iudaioum
815 1322 849 1382 et
868 1315 1029 1384 interitus
1049 1316 1171 1407 populi
1194 1338 1257 1406 per
1284 1338 1364 1383 eum
1387 1315 1485 1406 quasi
1506 1316 1784 1405 inaugurabatur

457 1423 581 1512 (antiq.
606 1426 723 1505 ao,8‚5
747 1444 818 1513 seq.
839 1421 924 1490 Bell.
949 1427 1085 1507 atam
1105 1423 1151 1490 ci.
1172 1421 1320 1490 Solidior
1339 1428 1351 1489 l
1371 1446 1405 1514 p.
1425 1427 1490 1491 trs
1505 1423 1606 1513 seq.).
1625 1427 1709 1491 Nam
1728 1422 1781 1490 in·

454 1527 664 1617 tempestivis
675 1526 836 1595 remediis
848 1527 976 1597 delicta
988 1527 1198 1597 accendebat
1213 1528 1380 1618 (Tacitus,
1394 1535 1484 1597 Anu.
1502 1526 1632 1618 inst).

499 1638 576 1701 Post
595 1633 686 1703 hauc
702 1633 937 1702 adulationem
953 1635 1126 1725 promittit
1139 1656 1177 1701 se
1192 1634 1446 1703 accusationem
1460 1620 1613 1703 breviter
1626 1635 1783 1726 proposi-

454 1746 583 1822 turum,
610 1761 717 1831 quam
737 1745 774 1806 ut
792 1739 890 1807 brevi
911 1739 1033 1808 audire
1055 1737 1234 1828 dignetur,
1259 1739 1427 1832 praesidis
1447 1740 1697 1828 benignitatem
1720 1763 1783 1830 ap·
1874 1793 1877 1798 -

454 1846 560 1936 pellat
580 1868 613 1913 v.
638 1852 657 1915 t
684 1867 727 1913 ne
748 1844 884 1913 diutius
904 1857 1021 1913 autem
1044 1858 1076 1913 te
1086 1846 1304 1938 protraham,
1327 1869 1397 1933 oro,
1419 1846 1563 1915 breuiter
1579 1845 1706 1915 aradius
1718 1869 1781 1914 nos

450 1973 513 2043 pro
531 1963 593 2019 tua
614 1950 811 2039 clementia,
834 1952 896 2041 gig
915 1950 1068 2021 breviter
1085 1974 1150 2022 nos
1161 1952 1280 2022 audiat
1298 1953 1481 2023 clementia
1492 1960 1565 2022 tua.
1582 1951 1781 2021 Causidieus

454 2056 592 2126 exordio
621 2079 701 2126 usus
732 2056 854 2125 estad
882 2057 1007 2126 iudicis
1029 2057 1303 2127 benevolentiam
1330 2058 1536 2150 captandam
1561 2058 1660 2127 valde
1684 2064 1778 2149 apto.

453 2162 606 2231 Pontifex
631 2168 664 2231 at
685 2163 835 2231 seniores
858 2162 990 2232 interea
1017 2164 1197 2234 cumulum
1224 2164 1483 2235 accusationum
1507 2164 1723 2252 collegerunt
1746 2170 1781 2231 et

453 2275 561 2337 totam
585 2268 683 2337 Pauli
702 2268 829 2356 agendi
851 2275 886 2337 et
901 2268 1127 2360 praedicandi
1142 2268 1312 2340 rationem
1324 2277 1503 2361 tamquam
1515 2271 1781 2339 concitationem

454 2375 657 2467 popularem
681 2374 832 2466 praesidi
852 2375 1061 2466 persuadere
1082 2380 1291 2446 statuerunt.
1313 2383 1342 2446 A
1365 2376 1499 2446 ludaeis
1519 2374 1649 2445 asianis
1667 2375 1782 2445 edocti

454 2486 567 2563 eraut,
591 2481 763 2572 quomodo
790 2480 895 2549 variis
916 2482 954 2549 in
975 2481 1122 2551 urbibus
1146 2482 1265 2551 ludaei
1284 2482 1389 2551 Paulo
1406 2483 1624 2565 restitissent;
1641 2482 1780 2572 quaein

454 2587 645 2655 Macedonia
669 2593 787 2655 contra
807 2587 950 2655 Paulum
972 2593 1104 2657 tentata
1122 2594 1250 2671 essent,
1271 2594 1364 2657 certe
1385 2610 1443 2657 eos
1458 2610 1528 2656 non
1548 2587 1689 2656 latebat.
1709 2592 1780 2655 lam

454 2692 540 2761 hace
561 2693 678 2761 omnia
696 2692 796 2761 facile
819 2692 1130 2763 subministrabant
1145 2695 1300 2786 amplam
1315 2694 1499 2763 accusandi
1518 2693 1698 2762 materiam
1711 2716 1780 2783 qua

454 2799 648 2889 praesidem
670 2800 729 2889 qui
756 2799 904 2867 rebelles
929 2800 1098 2868 acerrime
1117 2800 1242 2892 punire
1263 2800 1394 2870 solebat
1412 2801 1529 2870 induci
1548 2822 1646 2891 posse
1664 2822 1781 2890 spera·

455 2904 540 2971 bant
558 2905 603 2972 ad
617 2904 760 2972 Paulum
778 2904 1048 2974 interimendum
1067 2928 1101 2973 v.
1122 2913 1143 2974 5
1161 2906 1357 2975 invenimus
1375 2905 1464 2974 lianc
1486 2905 1659 2974 hominem
1667 2905 1780 2997 pesti·

454 3013 569 3099 ferunt
591 3016 696 3095 >atate
721 3016 869 3100 pestem,
896 3011 941 3080 de
962 3011 1105 3080 bomine
1125 3010 1197 3080 iam
1213 3012 1455 3082 Demosthenes
1481 3015 1617 3103 (25,80;
1643 3012 1728 3102 Bt),
1747 3026 1780 3079 at

455 3116 683 3185 concitantem
702 3114 888 3185 seditiones
908 3117 1068 3186 carnibus
1085 3115 1225 3187 lttdaeis
1241 3117 1278 3187 in
1297 3117 1456 3187 uniuerso
1469 3121 1546 3186 orbe
1560 3118 1584 3187 i.
1602 3139 1633 3187 e.
1655 3120 1692 3185 in
1709 3125 1779 3186 toto

455 3223 601 3312 imperio
616 3243 778 3302 romauo;
796 3245 837 3290 co
854 3224 947 3290 cuim
960 3222 1100 3292 nomine
1112 3223 1297 3316 imperium
1313 3245 1493 3293 romanum
1510 3224 1686 3311 designari
1702 3223 1779 3291 vide

455 3328 499 3396 ad
519 3334 598 3397 Luc.
621 3334 676 3410 nt
708 3330 911 3416 (comment.
940 3350 975 3418 p.
997 3331 1095 3417 1⁰3);
1119 3330 1183 3418 gig
1200 3329 1394 3399 invenimus
1410 3330 1503 3399 bunc
1518 3330 1631 3398 virum
1649 3337 1779 3421 pestem

455 3441 489 3502 et
501 3434 730 3503 concitantem
743 3433 930 3503 seditiones
942 3456 1014 3502 non
1027 3438 1165 3504 tantum
1179 3436 1302 3525 generi
1316 3442 1445 3518 nostro,
1458 3436 1518 3505 sed
1532 3436 1606 3505 fere
1619 3437 1780 3504 universo

454 3540 532 3608 orbi
542 3548 729 3621 terrarum;
744 3562 832 3629 quae
850 3540 953 3609 lectio
967 3541 1101 3610 accedit
1114 3541 1161 3610 ad
1172 3563 1334 3631 graecam
1348 3543 1530 3612 lectionem
1550 3550 1642 3623 tntu
1659 3544 1704 3611 ci.
1722 3550 1778 3616 ut.

456 3652 498 3715 28
517 3651 551 3715 et
568 3647 680 3716 recole
703 3653 820 3728 tunm
844 3652 935 3727 rte.
958 3653 1072 3731 5.1s;
1098 3654 1216 3728 tu‚2o;
1242 3655 1333 3733 ins.
1361 3655 1420 3733 is;
1446 3656 1563 3735 18‚1a;
1588 3656 1687 3730 tit-2³
1705 3671 1777 3739 seq.

455 3760 570 3836 nont,
588 3752 768 3842 exquibus
782 3774 847 3842 pro
860 3751 1065 3822 ludaeorum
1081 3753 1215 3823 malitia
1230 3755 1464 3824 accusationes
1476 3755 1685 3824 seditionum
1698 3777 1780 3822 con·

455 3858 693 3946 tingebantur;
718 3871 751 3925 et
773 3871 950 3927 erratorem
974 3857 1157 3929 seditionis
1178 3873 1290 3930 sectae
1312 3863 1588 3946 Nazerinorum,
1613 3862 1677 3949 gig
1698 3883 1778 3930 auo·

454 3971 562 4031 torem
581 3968 691 4032 sectam
705 3969 949 4047 Nazareorum,
967 3973 1193 4055 πρωτεστάτην,
1213 3989 1276 4034 rox
1294 3989 1314 4035 e
1328 3989 1365 4035 re
1380 3966 1521 4035 militari
1536 3966 1718 4058 desumpta
1730 3975 1779 4035 cst

455 4074 489 4136 et
508 4069 590 4137 dicit
613 4091 694 4138 eum
711 4070 770 4160 qui
790 4071 826 4138 in
849 4070 962 4161 primo
987 4070 1108 4140 ordine
1129 4071 1215 4141 aciei
1230 4079 1314 4155 stat,
1337 4071 1478 4157 ducem,
1499 4074 1776 4163 antesignanum.

455 4179 536 4244 Cum
569 4175 736 4267 primores
765 4176 801 4242 iu
835 4176 1020 4246 ierusalem
1043 4178 1293 4248 contenderent
1322 4201 1343 4247 a
1369 4178 1519 4249 Galilaea
1545 4202 1613 4248 uon
1636 4200 1779 4267 surgere

455 4283 659 4373 proplietam
690 4282 797 4369 (loen.
826 4283 937 4371 nm),
961 4282 1053 4375 ipsos
1076 4283 1321 4354 christifideles
1343 4309 1408 4377 per
1427 4291 1663 4377 contemptum
1685 4285 1780 4376 quod

455 4392 565 4456 lesum
584 4394 796 4457 Nazarenum
812 4395 1042 4477 agnoscerent
1056 4392 1207 4460 llessiam
1221 4396 1413 4460 Nazarenos
1427 4392 1663 4483 appellabant.
1679 4397 1789 4481 Prae-t

455 4493 520 4562 sidi
543 4502 658 4564 aulem
679 4495 804 4563 Paulus
826 4494 971 4587 iusuper
992 4494 1221 4567 denuntiatur
1243 4505 1421 4589 tamquam
1440 4497 1510 4568 dus
1530 4504 1564 4567 et
1586 4506 1690 4588 caput
1708 4497 1779 4564 lac·

456 4600 890 4670 tionisludaeisinimicae.
1361 4622 1367 4631 ·

501 4711 681 4775 Praeterea
710 4714 890 4776 accusatur
919 4707 1077 4777 criminis
1107 4732 1177 4801 quo
1212 4711 1391 4781 commisso
1414 4734 1527 4804 pocus
1559 4712 1679 4780 mortis
1704 4709 1780 4779 iure
