4128 5442
1072 388 1144 449 rea.
1166 388 1230 464 aa.
1260 410 1269 443 ι
1666 372 1689 477 J
1770 390 1809 448 rr

481 541 548 603 tur.
566 533 620 602 Uti
640 536 759 623 itaque
776 540 879 604 testes
899 537 952 603 illi
971 534 1298 625 adventus'Spiritus
1315 532 1423 600 sancti
1451 532 1694 602 describuntur
1707 541 1809 605 antea

480 664 520 708 er
548 643 733 728 regionum
759 641 974 725 diversitate,
1000 642 1052 707 ita
1073 661 1167 707 nunc
1198 661 1336 729 qnoque
1357 659 1482 725 genere
1507 660 1547 705 ac
1565 639 1706 706 natione
1730 640 1809 711 illos

478 747 582 815 fuisse
598 746 781 832 discretos,
796 750 900 839 proin
911 769 983 814 non
997 744 1111 813 solnm
1137 744 1304 813 adstitisse
1324 744 1464 812 ludaeos
1478 767 1519 812 ex
1531 744 1635 812 variis
1655 745 1809 831 regioni-
1836 758 1854 780 ²

478 853 542 921 bus
561 853 744 939 oriundos,
759 853 820 923 sed
845 853 951 923 etiam
971 851 1120 941 gentiles
1139 852 1332 942 proselytos
1351 875 1390 919 ex
1410 853 1512 919 variis
1529 850 1740 919 nationibus.
1758 855 1809 920 lta

479 948 854 1050 optimeadumbratur
875 958 1010 1027 indoles
1034 958 1241 1027 universalis
1264 959 1444 1043 Ecclesiae,
1473 961 1586 1028 Cretes
1614 969 1647 1025 ct
1665 957 1806 1040 Arabes,

479 1065 679 1136 audivimas
705 1090 761 1137 eos
792 1067 989 1157 loquentes,
1014 1064 1190 1150 audimus,
1215 1065 1341 1134 nostris
1364 1065 1495 1156 linquis
1522 1064 1702 1156 magnalia
1731 1064 1806 1147 Dei,

479 1196 607 1262 magna
627 1198 668 1242 ac
682 1171 874 1264 praeclara,
891 1171 1047 1261 insignia
1065 1172 1124 1245 liei
1139 1173 1240 1241 iacta.
1809 1177 1812 1183 '

516 1389 596 1448 Cum
618 1387 719 1447 Lucas
741 1384 892 1448 homines
915 1386 1001 1447 inter
1020 1403 1056 1447 se
1072 1386 1242 1467 loquentes
1261 1383 1414 1457 imitetur,
1433 1388 1537 1444 certus
1557 1386 1807 1447 enumerationis

476 1483 555 1544 ordo
570 1483 786 1561 requirendus
803 1499 869 1545 non
886 1488 946 1544 est.
964 1483 1069 1554 Quare
1084 1486 1164 1561 puto
1178 1481 1305 1561 aliquos
1320 1497 1485 1561 perperam
1499 1480 1617 1542 aliendi
1631 1482 1717 1559 quod
1735 1483 1807 1544 Gre-

476 1588 524 1641 tes
549 1584 581 1640 et
602 1581 722 1641 hrahes
747 1584 911 1658 ponantur
929 1583 1006 1659 post
1029 1579 1165 1643 ludaeos
1188 1582 1221 1642 et
1242 1579 1438 1659 proselyt0s;
1461 1596 1500 1639 ex
1521 1595 1585 1657 quo
1609 1578 1807 1641 contendunt

367 1690 370 1695 ·
475 1679 657 1739 necessario
673 1678 760 1738 solos
778 1678 944 1740 Romanos
965 1678 1011 1740 ita
1027 1677 1183 1752 describi,
1200 1677 1317 1757 quiesi
1332 1676 1514 1739 necesitlae
1529 1675 1569 1737 ad
1584 1693 1695 1737 omnes
1712 1692 1805 1755 spec-

475 1780 591 1851 tarent,
608 1775 641 1836 in
656 1777 719 1837 line
734 1775 923 1838 debuissent
935 1775 1097 1838 collocari.
1115 1776 1238 1837 Verum
1251 1776 1284 1835 in
1297 1775 1364 1854 ipsa
1379 1774 1474 1836 etiam
1485 1775 1656 1854 regionum
1673 1791 1805 1836 enume-

474 1875 597 1935 ratione
612 1878 740 1936 certum
753 1873 902 1936 ordinem
918 1876 1106 1936 constanter
1119 1872 1324 1933 observatum
1337 1889 1401 1932 nen
1414 1871 1641 1951 deprehendes,
1658 1873 1805 1951 quamvis

475 1970 592 2049 aliquis
607 1970 686 2031 ordo
702 1988 767 2032 non
782 1969 883 2044 desit,
898 1970 1019 2048 quo-ab
1036 1969 1160 2030 oriente
1179 1968 1220 2030 ad
1241 1968 1440 2030 occidentem
1458 1969 1495 2029 ht
1517 1969 1680 2029 transitus.
1700 1970 1805 2047 Atque

474 2068 508 2127 in
522 2067 675 2128 omnibus
691 2067 762 2128 istis
776 2066 977 2147 regionibus,
991 2067 1096 2128 immo
1112 2067 1145 2127 in
1160 2066 1308 2146 pluribus
1326 2082 1450 2145 quoque
1467 2083 1563 2144 quam
1579 2071 1806 2128 enumerantur

473 2165 608 2226 ludaeos
631 2164 804 2227 incoluisse
826 2180 960 2244 prorsus
983 2167 1123 2229 constat.
1147 2166 1213 2226 lam
1236 2182 1321 2227 anno
1344 2166 1401 2225 139
1422 2181 1451 2225 a.
1471 2161 1526 2224 ch.
1549 2163 1667 2226 missac
1689 2168 1805 2225 sunta

474 2267 586 2325 senatu
611 2278 745 2324 romane
767 2262 895 2324 litterae
917 2279 976 2342 pro
998 2261 1128 2326 ludaeis
1151 2261 1193 2324 ad
1214 2279 1305 2342 reges
1328 2261 1472 2342 Aegypti,
1493 2261 1618 2340 Syriae,
1643 2261 1802 2341 Pergami,

473 2360 709 2439 Cappadociae,
724 2359 890 2433 Parthiae,
910 2360 944 2420 in
959 2360 1199 2439 Pamphyliam,
1217 2360 1360 2439 Cyrenen
1377 2359 1518 2437 aliasque
1533 2359 1679 2438 regiones
1694 2360 1805 2420 urbes·

474 2475 538 2536 que
556 2460 679 2519 multas
699 2457 730 2539 (1
752 2457 852 2520 Mach.
875 2456 1037 2538 tatem)
1056 2460 1089 2520 et
1110 2458 1195 2519 circa
1215 2474 1338 2519 annum
1360 2458 1401 2517 20
1423 2474 1452 2517 a.
1473 2456 1527 2518 Ch.
1553 2456 1663 2518 scribit
1690 2456 1803 2518 Strabo

472 2556 556 2617 haud
572 2556 663 2617 tacite
678 2556 848 2635 regionem
863 2555 952 2618 orbis
965 2562 1126 2618 terrarum
1143 2555 1294 2628 inveniri,
1308 2571 1405 2633 quam
1421 2571 1487 2615 non
1500 2553 1689 2616 ludaeorum
1704 2553 1804 2633 stirps

472 2652 677 2731 occupaverit
695 2652 793 2732 (apud
807 2653 996 2736 losephum,
1011 2652 1120 2730 Antiq.
1139 2651 1271 2733 tt,7,r);
1288 2653 1323 2714 in
1336 2652 1471 2731 epistola
1488 2668 1587 2729 quarn
1601 2650 1744 2731 Agrippa
1762 2651 1803 2712 ad

472 2750 646 2830 Caligulam
670 2750 761 2812 dedit
785 2748 883 2830 (apud
908 2749 1094 2824 Philonem,
1120 2748 1160 2811 de
1183 2749 1341 2829 legatione
1362 2748 1402 2810 ad
1427 2749 1574 2825 Gaium§
1601 2749 1656 2823 363
1677 2748 1804 2828 Lipsiae

473 2849 570 2921 18293
585 2852 607 2909 t.
624 2850 644 2907 6
658 2865 690 2927 p.
708 2849 779 2927 tet)
793 2846 941 2909 coloniae
955 2847 1149 2910 ludaeorum
1164 2852 1391 2909 enumerantur
1403 2846 1434 2907 in
1449 2849 1603 2926 Aegypto,
1620 2846 1802 2919 Phoenicia,

472 2945 574 3024 Syria,
590 2945 796 3025 Pamphylia,
814 2945 940 3022 Cilicia,
957 2945 992 3007 in
1012 2944 1090 3006 Asia
1109 2944 1267 3023 usquead
1286 2944 1469 3023 Bithyniam
1487 2948 1519 3004 et
1533 2948 1693 3005 extremos
1710 2944 1804 3005 Ponti

472 3043 622 3122 angulos,
640 3043 676 3103 in
695 3042 870 3117 Thessalia,
890 3042 1043 3118 Boeotia,
1061 3039 1270 3117 Macedonia,
1286 3042 1424 3113 Aetolia,
1439 3041 1552 3111 Attica,
1569 3040 1803 3119 Peloponneso,

474 3140 617 3211 Euboea,
636 3141 751 3219 Cypro,
769 3140 878 3215 Creta;
894 3143 966 3201 tum
987 3139 1134 3219 pergitur
1149 3139 1197 3199 sat
1219 3141 1313 3199 σιωπῶ
1331 3147 1379 3206 τος
1394 3137 1542 3218 (ἀποικίας)
1557 3137 1711 3218 Εὐφράτου·
1729 3146 1804 3197 πᾶσα

471 3235 522 3317 ydp
541 3237 591 3306 ἔξω
606 3237 702 3317 μέρους
715 3240 834 3317 βραχέος
851 3234 1047 3298 hebetasset
1065 3239 1119 3297 τῶν
1132 3234 1221 3296 ἄλλων
1233 3239 1401 3316 σατραπειῶν
1413 3234 1442 3294 αἵ
1452 3232 1687 3317 ἄρετῶσανῐχουοι
1707 3233 1755 3308 τὴν
1776 3236 1804 3295 tr

471 3335 562 3415 κύκλῳ
573 3338 636 3413 γῆν,
657 3333 804 3402 Ἰουδαίους
823 3333 931 3414 ἔχουσιν
949 3334 1103 3414 οἰκήτορας.
1122 3335 1219 3396 Plura
1238 3334 1277 3396 de
1298 3333 1443 3412 dlaspora
1463 3334 1535 3396 vide
1555 3333 1639 3412 apud
1656 3330 1802 3411 Sclttlrer,

472 3432 659 3494 Gesehiehte
674 3433 715 3494 de
725 3432 798 3511 jud.
816 3432 938 3495 Volkos
951 3433 979 3494 ll
993 3434 1183 3511 partenay.

512 3530 692 3609 Discipulos
714 3547 778 3593 una
796 3529 915 3613 lingua
927 3547 986 3592 sua
1005 3529 1109 3608 patria
1129 3545 1199 3590 esse
1220 3528 1355 3601 locutos,
1376 3528 1433 3590 sed
1450 3547 1468 3590 a
1487 3528 1583 3590 variis
1601 3529 1749 3608 gentibus
1769 3527 1802 3588 in

473 3646 528 3689 sua
543 3627 702 3707 cuiusque
723 3626 834 3707 lingua
851 3626 952 3688 tuisse
972 3627 1116 3702 auditos,
1130 3643 1149 3686 a
1163 3626 1326 3688 nonnullis
1346 3626 1504 3688 statuitur.
1524 3627 1602 3687 Eius
1621 3626 1801 3687 sententiae

472 3725 621 3785 meminit
643 3722 812 3805 Gregorius
834 3742 920 3802 aaa,
943 3725 1000 3787 sed
1020 3724 1068 3786 illi
1085 3723 1225 3803 praefert
1240 3723 1388 3793 atteram,
1405 3724 1581 3802 discipulos
1599 3723 1668 3784 scil.
1690 3739 1803 3784 revera

470 3822 541 3883 aliis
553 3822 674 3902 linguis
689 3839 759 3883 esse
773 3822 918 3895 locutos;
934 3846 949 3879 a
965 3839 1043 3884 nam
1057 3822 1091 3882 in
1106 3820 1212 3901 priore
1230 3821 1360 3900 quidem
1376 3838 1470 3883 seusu
1491 3837 1604 3883 eorum
1618 3820 1726 3899 potius
1745 3821 1801 3900 qui

472 3918 646 3981 audiebant
662 3937 759 3998 quam
778 3919 835 3997 qui
856 3920 953 3981 verba
971 3919 1137 3980 iaciebant
1155 3917 1216 3979 boc
1239 3916 1428 3979 miraculum
1449 3918 1545 3979 tuerit
1565 3941 1580 3973 n
1605 3917 1662 3998 (or.
1684 3921 1739 3992 tr3
1755 3917 1800 3978 Μ.

470 4016 803 4095 36,tt9}.ltissrmatur
812 4015 1009 4079 miraculum
1019 4016 1352 4078 auditusinsermoue
1363 4015 1678 4094 quodamdeSpiritu
1689 4019 1801 4075 sancto

470 4115 527 4193 qui
564 4114 642 4175 elim
671 4115 823 4195 Cypriani
849 4115 1044 4178 censebatur
1072 4113 1128 4196 (ci.
1166 4114 1269 4194 Opera
1299 4112 1332 4174 S.
1366 4113 1530 4192 Cypriani,
1561 4111 1692 4174 Parisiis
1722 4112 1802 4172 1726

471 4230 502 4291 p.
517 4212 675 4292 extrita
694 4208 782 4273 Beda
801 4228 932 4292 quoque
948 4211 1121 4290 utriusque
1136 4210 1329 4290 acceptionis
1347 4210 1545 4273 mentionem
1561 4209 1652 4276 iacit,
1669 4212 1701 4270 et
1718 4208 1752 4268 in
1766 4207 1802 4268 ti·

471 4309 529 4370 hro
539 4310 777 4371 retractationis
793 4309 873 4372 dicit
885 4326 921 4371 se
934 4327 1006 4372 esse
1018 4308 1249 4389 reprehensum
1266 4308 1486 4388 aquibusdam
1502 4308 1587 4388 qnod
1596 4307 1722 4369 duobus
1735 4323 1803 4367 mo·

472 4406 520 4467 dis
535 4407 651 4469 dixerit
665 4425 734 4469 rem
746 4425 839 4488 posse
855 4406 995 4487 intelligi
1010 4411 1044 4470 et
1058 4407 1188 4469 demum
1200 4406 1541 4486 concluditutrumque
1556 4405 1625 4467 fieri
1639 4405 1801 4485 potuisse,

472 4509 504 4565 et
519 4511 555 4566 nt
571 4506 782 4585 loquerentur
795 4504 892 4568 variis
907 4504 1030 4585 linguis
1050 4509 1084 4567 et
1098 4509 1136 4567 nt
1153 4522 1218 4568 una
1231 4505 1400 4586 loquentes
1418 4506 1457 4566 ah
1477 4504 1627 4567 omnihus
1641 4502 1803 4564 variarum

470 4588 655 4681 linguarum
667 4596 866 4667 'hominibus
884 4603 1161 4682 intelligerentur;
1181 4619 1281 4683 qnam
1300 4604 1489 4666 sententiam
1511 4601 1607 4664 etiarn
1628 4600 1681 4661 alii
1702 4600 1803 4680 adop·

472 4704 592 4773 terunt,
624 4702 671 4763 uti
696 4700 869 4784 Dionysius
895 4701 1138 4778 carthusianus,
1164 4698 1246 4785 Lep.
1274 4699 1344 4763 Est.
1371 4704 1473 4780 litque
1496 4697 1649 4761 Erasmus
1673 4715 1801 4777 quoque

471 4802 561 4877 putat
579 4822 593 4852 «
611 4799 810 4878 probabilius
826 4801 993 4879 apostolos
1012 4816 1071 4863 sua
1088 4798 1199 4881 lingua
1213 4799 1311 4863 tuisse
1326 4799 1447 4863 locutos
1461 4802 1494 4861 et
1512 4797 1665 4860 miraculo
1681 4797 1800 4857 tactum
