4054 5442
276 295 337 355 ⁴00
773 305 785 338 ⁸
811 313 879 359 Aer.
901 297 1065 371 arua-24:

228 425 234 434 ⁸
275 445 381 513 bomo
410 445 616 513 vaferrimus
643 451 678 514 et
701 467 823 515 avarus
845 446 1021 535 spectarit,
1053 447 1135 513 satis
1165 441 1363 512 declaratur
1388 463 1422 507 v.
1454 447 1510 507 26.
1541 448 1597 507 2⁸1.

320 550 358 618 ld
377 552 497 620 saltem
514 551 701 643 aequitatis
713 551 752 617 in
763 549 906 618 Paulum
920 572 1022 641 quem
1040 552 1212 619 insontem
1227 546 1413 640 culpa'esse
1428 545 1602 637 perspexit
1703 603 1711 610 .

274 657 488 741 observavit,
504 664 545 727 ut
571 658 638 726 levi
661 654 816 724 custodia
836 676 915 721 cum
934 660 1065 723 teneret
1082 677 1115 723 v.
1144 662 1187 722 23
1213 654 1383 745 iussitque
1405 650 1604 722 centurioni

273 764 446 833 custodire
462 785 542 831 eum
559 774 592 829 et
611 762 732 828 habere
754 757 907 849 requiem
925 767 1020 829 ἄνεσιν
1036 760 1292 843 remissionem,
1310 759 1426 828 lencm
1451 756 1599 849 captivi·

273 871 354 939 tatis
368 868 606 938 conditionem
629 887 651 932 a
667 864 844 932 vexatione
866 871 901 932 et
915 866 1095 933 severitate
1107 864 1278 948 alienam,
1299 886 1361 932 uec
1390 886 1600 956 quemquam

274 976 318 1044 de
330 975 402 1043 suis
419 970 604 1062 prohibere
630 969 825 1037 ministrare
843 970 894 1052 ei,
912 977 1069 1039 «Lucam
1088 972 1250 1062 inquam,
1267 969 1512 1060 Trophimum,
1528 973 1601 1039 Ari-

273 1079 452 1150 starchum
478 1076 630 1167 aliosque
656 1076 798 1144 fortasse
824 1076 883 1166 qui
911 1099 989 1144 cum
1014 1077 1088 1167 ipso
1112 1082 1280 1145 venerant
1308 1074 1598 1164 Hierosolymam,

274 1205 431 1275 quosque
444 1182 587 1251 eredere
600 1189 650 1251 est
663 1191 766 1275 atque
778 1182 864 1250 adeo
876 1204 916 1249 ex
927 1182 994 1249 hoo
1005 1182 1081 1250 loco
1095 1183 1179 1251 satis
1193 1188 1350 1275 apparet,
1365 1181 1600 1250 utaudierunt

276 1290 420 1360 Paulum
435 1289 627 1358 abductum
639 1294 848 1372 Caesaream,
859 1288 971 1357 statim
981 1309 1017 1355 sc
1029 1289 1110 1356 illuc
1120 1290 1305 1358 contulisse
1319 1316 1336 1352 u
1355 1288 1490 1378 (Petu).
1504 1292 1601 1356 Com·

277 1403 405 1489 parant
422 1395 519 1488 quod
539 1394 700 1486 Iosephus
721 1394 764 1463 de
783 1395 953 1485 Agrippae
976 1394 1130 1464 ausodia
1145 1394 1269 1461 scribit
1293 1416 1302 1461 t
1326 1404 1445 1483 putasti,
1467 1399 1598 1483 μὲνγὰρ

277 1512 327 1574 καὶ
338 1514 462 1592 τήρησις
475 1507 530 1587 ἦν,
548 1505 623 1586 μετὰ
639 1511 737 1585 μέντοι
756 1504 883 1582 ἀνέσεως
894 1519 951 1585 τῆς
962 1505 1004 1582 εἷς
1025 1510 1078 1585 τὴν
1094 1508 1205 1570 δίαιταν
1226 1500 1351 1590 (Antiq.
1376 1502 1541 1589 latmo).
1559 1506 1601 1568 At

277 1610 402 1679 Paulus
416 1606 456 1674 in
469 1605 625 1675 custodia
643 1605 784 1673 militari
798 1607 974 1688 manebat3
991 1607 1035 1675 ci.
1056 1629 1088 1674 v.
1104 1613 1161 1675 27.

212 1741 214 1745 ·
322 1719 369 1782 Ex
386 1711 531 1781 hiennio
550 1711 617 1779 hoc
630 1710 845 1809 captivitatis
857 1710 972 1802 aliqua
985 1717 1090 1781 Lucas
1111 1713 1233 1798 relert3
1256 1736 1290 1783 v.
1308 1719 1350 1783 st
1365 1726 1448 1805 post
1466 1711 1600 1802 aliquot

276 1816 393 1887 autem
407 1815 481 1886 dies
493 1817 633 1887 venicus
647 1815 839 1884 Deliacum
855 1816 1004 1886 Drusilla
1016 1840 1124 1886 uxore
1136 1841 1202 1887 sua
1213 1842 1306 1911 quae
1316 1830 1390 1889 erat
1402 1816 1534 1887 Iudaea
1547 1840 1601 1885 ro·

278 1925 369 1995 cauit
382 1912 556 2011 Paulum,·
568 1927 667 1991 notat
681 1922 755 1992 Gai.
771 1923 862 1990 :nisi
877 1922 1021 1992 Drusilla
1034 1923 1150 1994 luisset
1161 1946 1265 1994 causa
1277 1925 1379 1994 buius
1391 1925 1597 2004 vocationis

277 2054 349 2101 non
364 2030 577 2099 nominasset
596 2034 700 2097 Lucas
715 2028 895 2097 Drusillam
911 2029 1087 2113 ludaeam;
1108 2036 1144 2099 et
1161 2034 1248 2123 Iup.
1271 2030 1415 2099 scribit:
1435 2030 1600 2098 incitante

277 2139 368 2206 forte
394 2134 544 2204 Drusilla
566 2157 690 2218 uxore,
715 2156 903 2224 quaecum
923 2139 1009 2203 esset
1031 2135 1156 2205 ludaea
1179 2159 1219 2205 ex
1241 2136 1439 2205 curiositate
1464 2132 1602 2203 volebat

276 2242 400 2310 audirc
412 2261 589 2333 quaenam
604 2245 692 2308 esset
707 2262 797 2309 nova
807 2248 897 2309 secta
912 2262 1034 2330 quaec
1056 2242 1181 2310 ludaao
1198 2241 1305 2311 Paulo
1317 2241 1597 2333 praedicabatur,

277 2370 319 2416 ao
340 2346 425 2437 quid
453 2346 609 2415 differret
635 2344 909 2414 christianismus
936 2348 1163 2431 aiudaismo,
1187 2346 1279 2416 Felix
1302 2346 1431 2416 iterum
1464 2346 1602 2415 vocavit

278 2454 434 2522 Paulum.
451 2453 547 2531 Quod
558 2453 615 2520 isti
631 2452 690 2541 (cl.
713 2452 796 2520 Felt.
813 2453 961 2544 quoque)
977 2454 1098 2521 merito
1115 2453 1280 2545 suspicati
1291 2459 1387 2539 sunt,
1404 2452 1515 2521 altera
1531 2453 1600 2521 lco-

277 2561 372 2629 tione
385 2559 477 2627 clare
497 2557 708 2643 enuntiatur,
722 2579 828 2649 quam
843 2557 992 2627 Cassiod.
1012 2581 1150 2650 quoque
1166 2562 1343 2648 cognitam
1361 2560 1506 2642 hahuit,
1521 2580 1599 2627 cum

276 2664 429 2733 scribat:
452 2670 594 2752 rogatus
608 2662 699 2732 Felix
717 2686 739 2733 a
757 2664 903 2733 Drusilla
917 2664 1062 2754 coniuge
1077 2688 1141 2735 sua
1161 2687 1279 2735 coram
1302 2688 1346 2735 ea
1359 2665 1503 2735 Paulum
1520 2665 1601 2733 iecit

277 2769 418 2838 adduci.
436 2772 515 2838 Erat
530 2769 679 2838 Drusilla
692 2768 766 2837 filia
779 2770 950 2860 Agrippae
968 2771 1036 2839 lde
1050 2793 1120 2861 quo
1132 2770 1213 2841 vide
1226 2778 1318 2858 12,1.
1337 2778 1380 2841 19
1395 2793 1484 2862 seq.,
1501 2793 1600 2839 soror

278 2876 453 2969 Agrippae
467 2879 517 2959 113
533 2897 613 2943 cum
629 2880 729 2966 pater
745 2875 819 2945 eius
837 2883 1038 2958 moreretur,
1056 2876 1132 2968 ipsa
1145 2882 1221 2947 erat
1233 2877 1393 2947 sexennis
1409 2879 1598 2969 (Iosephus,

278 2982 394 3073 Antiq.
417 2983 547 3072 19,9,1)
563 2985 599 3049 et
617 2980 689 3049 iam
705 2980 908 3073 desponsata
927 2982 1099 3072 Epiphani
1111 2981 1273 3053 Antiochi
1284 2984 1600 3072 commagenorum

278 3090 370 3177 regis
385 3087 474 3171 filio,
496 3088 558 3178 qui
582 3091 699 3155 tamen
725 3086 807 3177 quia
825 3087 937 3156 noluit
955 3085 1154 3156 circumcidi
1175 3088 1251 3158 eius
1268 3091 1409 3180 nuptias
1432 3090 1601 3158 recusavit

279 3193 316 3284 (l.
333 3216 365 3262 c.
383 3192 533 3281 ro,·1,1);
549 3193 704 3283 Agrippa
718 3197 746 3260 ll
760 3197 892 3276 autem,
914 3214 991 3261 eum
1010 3214 1100 3261 anno
1119 3192 1325 3263 duodecimo
1348 3195 1483 3264 Claudii
1507 3216 1599 3262 com·

276 3300 372 3392 plato
387 3322 409 3367 a
424 3298 568 3367 Claudio
587 3297 735 3366 donatus
757 3304 844 3366 esset
860 3298 1009 3390 Philippi
1032 3299 1221 3368 tetrarchia
1241 3307 1276 3369 et
1293 3305 1445 3369 Datanm
1459 3308 1494 3370 et
1518 3306 1599 3368 Tra·

276 3405 452 3475 chonitide
467 3426 537 3473 una
550 3425 629 3473 cum
645 3403 746 3472 Abila
757 3401 930 3493 (Chalcide
943 3411 1058 3472 tamen
1073 3403 1224 3495 ablata),
1241 3406 1426 3476 Drusillam
1445 3428 1598 3475 sororem

276 3512 378 3580 Azizo
391 3516 588 3579 Dmesorum
606 3509 682 3598 regi
695 3509 733 3577 in
752 3510 1007 3577 matrimonium
1026 3509 1207 3579 collocavit
1221 3510 1261 3602 (l.
1283 3513 1344 3599 cl.
1361 3516 1435 3580 Non
1451 3513 1599 3582 multum

276 3624 391 3687 autem
408 3623 487 3708 post
502 3614 594 3685 Felix
605 3619 787 3705 conspecta
800 3613 962 3699 Drusilla,
982 3637 1073 3705 quae
1087 3637 1209 3685 omncs
1224 3616 1486 3708 pulchritudine
1502 3641 1600 3709 prae·

277 3723 439 3804 callebat,
452 3722 526 3791 eius
545 3721 727 3792 tenebatur
740 3719 910 3789 desiderio
923 3725 958 3789 et
968 3742 1030 3812 per
1043 3722 1208 3791 iudaeum
1225 3721 1401 3814 quendam
1421 3726 1598 3816 Cyprium,

277 3830 420 3898 nominc
433 3827 609 3896 Simonem
627 3827 661 3895 ei
677 3825 889 3895 suadendum
901 3826 1060 3910 curabat,
1078 3833 1116 3897 ut
1131 3827 1253 3898 relicto
1265 3828 1392 3898 manto
1406 3829 1472 3899 sihi
1488 3832 1600 3899 nube·

279 3940 343 4004 ret.
361 3932 458 4014 Quod
474 3935 551 4024 ipsa
562 3955 700 4025 quoque
712 3933 793 4002 iecit
811 3940 928 4003 contra
943 3934 1053 4026 patria
1067 3933 1238 4015 instituta3
1253 3933 1423 4025 sapitum
1436 3939 1474 4006 τὰ
1490 3943 1600 4026 ,πάτρια

276 4048 391 4125 stuta:
406 4049 540 4109 saltitat
554 4040 588 4127 (l.
606 4062 637 4108 c.
652 4040 797 4130 illm).
811 4040 940 4110 Dicitur
951 4040 1038 4108 Felix
1051 4062 1074 4109 a
1092 4041 1256 4111 Suetonio
1270 4040 1376 4110 trium
1396 4043 1598 4130 reginarum

279 4149 424 4215 maritus
437 4144 613 4233 (Claudius
628 4132 705 4233 2⁸l3
726 4166 832 4214 unam
847 4168 888 4214 ex
905 4146 948 4214 iis
960 4147 1113 4215 nominat
1128 4146 1263 4216 Tacitus
1277 4147 1383 4217 etiam
1401 4148 1597 4231 Drusillam,

279 4253 481 4345 Cleopatrae
504 4258 539 4321 et
565 4251 705 4319 Antonii
727 4256 882 4343 neptem,
906 4259 943 4320 ut
965 4252 1119 4322 eiusdem
1144 4251 1285 4322 Antonii
1307 4254 1400 4323 Felix
1427 4274 1601 4345 progener

278 4366 365 4428 esset
386 4357 481 4448 (llist.
505 4361 588 4444 5,9).
616 4362 707 4436 Quae
728 4356 833 4426 inerit
850 4358 952 4427 tertia
980 4358 1097 4429 Felicis
1120 4380 1208 4427 uxor
1229 4359 1425 4449 ignoratur.
1453 4360 1599 4429 Drusilla

278 4465 381 4535 Felici
398 4466 514 4556 nupsit
538 4463 680 4534 Claudio
699 4468 922 4555 Imperatore3
945 4488 1025 4535 nam
1039 4467 1161 4536 Aaiaus
1179 4485 1241 4535 rex
1260 4471 1461 4535 Emesorom
1484 4467 1599 4558 primo

276 4593 369 4640 anno
386 4570 530 4639 Neronis
544 4576 700 4640 mortuus
713 4576 762 4639 est
777 4570 816 4661 (l.
835 4593 866 4640 c,
885 4573 1033 4665 2⁰,8,t);
1051 4595 1130 4642 cum
1153 4595 1247 4642 anno
1263 4577 1306 4644 tt
1318 4579 1405 4642 esset
1423 4573 1596 4654 sexennis,

276 4676 521 4746 florentissima
538 4677 714 4747 iuventute
737 4698 845 4746 annos
857 4683 937 4747 nata
952 4685 994 4748 15
1009 4680 1064 4750 rel
1088 4685 1130 4750 to
1145 4679 1247 4750 Felici
1262 4679 1381 4750 iuncta
1393 4686 1455 4749 est.
