4092 5490
244 353 304 414 auu
778 373 844 417 aar.
867 357 1021 437 ssasw-

239 502 330 585 rint,
349 529 366 563 (ι
389 502 472 593 quid
486 507 584 571 Petro
605 503 785 586 humilius,
798 505 856 593 qui
876 505 980 571 ctiam
999 502 1058 568 hic
1080 502 1226 567 fratrum
1244 500 1485 568 testimonium
1504 503 1566 569 ad-

238 606 342 676 -hibet
371 638 387 673 u
416 609 542 700 (cta),
567 621 600 677 ct
620 609 766 699 inpressi
790 630 907 674 summ
937 606 975 671 in
998 604 1139 671 doraum
1167 603 1255 690 uiri,·
1276 627 1310 672 v.
1339 610 1379 671 13
1409 608 1568 674 nomooit

242 727 359 784 autem
373 715 484 802 nobis,
501 712 669 806 quomodo
686 712 824 779 vidisset
841 710 1003 800 eupolum
1023 709 1060 776 in
1079 709 1181 776 domo
1203 733 1268 778 sua
1290 724 1440 779 stantem
1455 724 1488 778 et
1511 708 1566 779 di·

243 834 371 890 centem
384 822 448 889 sibi
466 842 480 886 :
498 820 594 885 mitte
609 817 646 882 in
665 818 793 906 ioppen
813 828 846 884 et
866 815 996 885 accersi
1013 817 1193 886 Simonem
1214 818 1278 908 qui
1297 816 1566 908 copnominotur.

241 931 380 1008 Petrus,
400 921 595 1013 explicatius
620 927 732 1005 10,30.
754 928 809 990 31.
827 916 885 1004 ’31ς
908 923 1050 992 omnino
1077 923 1264 1014 probabile
1286 912 1337 991 est
1359 929 1499 993 Petrum
1524 945 1564 991 ea

240 1053 377 1123 quoque
388 1048 669 1096 commemorasse
683 1023 797 1096 coram
811 1029 944 1098 ludaeis
956 1029 1082 1119 quibus
1098 1030 1210 1119 pictas
1224 1028 1376 1095 Cornelii
1389 1051 1563 1097 commen·

15 1134 33 1209 ⁴,
148 1171 152 1178 ·
238 1137 352 1214 datur,
369 1155 458 1224 quac
477 1135 581 1201 Lucas
604 1156 666 1225 pro
689 1134 729 1202 iis
751 1135 902 1202 scribens
919 1134 981 1224 qui
1002 1135 1073 1201 iam
1099 1135 1261 1221 legerunt
1284 1155 1362 1223 cap.
1382 1139 1424 1201 10
1440 1135 1562 1224 utique

13 1240 32 1293 {²
111 1257 122 1322 χ
239 1239 418 1330 commode
433 1238 589 1308 omittere
610 1246 758 1330 poterat;
775 1239 915 1308 additur
932 1239 1023 1329 quod
1046 1246 1124 1323 10,6
1140 1239 1275 1307 nonita
1296 1239 1440 1307 effertur
1464 1263 1498 1308 v.
1521 1245 1563 1307 1t

100 1431 112 1438 ³
240 1344 474 1436 quiloquetur
491 1346 555 1413 tidi
569 1348 670 1414 cerdo
687 1346 726 1413 in
746 1345 880 1440 quidus,
895 1367 958 1435 per
972 1367 1079 1434 quae,
1097 1351 1216 1435 utpote
1235 1345 1389 1415 subsidia
1403 1346 1448 1414 ad
1469 1346 1562 1413 viam
1687 1340 1696 1349 '

237 1451 367 1519 salutis,
382 1451 648 1533 ostendendam:
663 1450 778 1519 salom
804 1451 871 1518 eris
897 1463 934 1518 tu
959 1463 992 1517 et
1015 1452 1176 1518 renioerso
1200 1452 1323 1518 domus
1350 1464 1434 1537 tuo,·
1457 1458 1562 1542 atque

239 1557 408 1626 eiusmodi
420 1556 522 1623 luisse
537 1556 628 1623 dieta
643 1555 690 1622 ad
703 1556 917 1638 Cornelium,
934 1557 1015 1623 satis
1029 1557 1141 1623 clucet
1156 1578 1197 1622 ex
1213 1562 1328 1639 1031.
1347 1564 1401 1625 33.

236 1712 241 1719 .
284 1690 301 1725 «
322 1668 410 1749 Ergo
427 1661 556 1750 Spiritu
577 1660 749 1743 mittente,
767 1664 834 1728 Deo
859 1660 1017 1744 iubente,
1034 1683 1098 1751 per
1117 1661 1280 1748 angelum
1301 1660 1383 1728 inde
1405 1670 1560 1746 vocante,

136 1856 139 1860 Δ
237 1768 318 1834 hinc
347 1772 507 1854 urgente,
532 1788 646 1835 rerum
678 1766 866 1834 discrimen
894 1766 1064 1849 solvente,
1091 1766 1178 1856 quid
1208 1766 1406 1834 laciendum
1439 1766 1558 1834 erat'»

220 1871 222 1875 ’
240 1870 375 1961 (ceap
390 1871 543 1940 Cornelio
556 1894 626 1940 non
640 1871 794 1963 loquitur
806 1871 874 1940 nisi
885 1874 1025 1959 cognita
1039 1894 1143 1940 causa
1165 1873 1319 1961 (Solm.);
1337 1895 1444 1963 porro
1464 1871 1561 1941 aliud

236 1976 342 2068 idque
361 1977 670 2047 manifestissimum
684 1979 816 2068 accepit
829 1977 1077 2047 documentum
1096 1977 1285 2046 voluntatis
1305 1978 1447 2047 divinae
1465 2002 1499 2047 v.
1519 1983 1560 2047 15
1587 1995 1589 1998 ⁴

238 2106 316 2152 cum
335 2096 451 2152 aretem
471 2084 651 2175 coepissem
672 2082 787 2174 loqui,
802 2082 939 2151 videtur
956 2084 1111 2151 iudicare
1127 2107 1163 2152 se
1183 2106 1255 2152 non
1277 2083 1465 2153 absolvisse
1488 2107 1560 2154 ser-

237 2211 390 2273 monem,
407 2189 486 2257 vide
502 2190 546 2258 ad
567 2194 679 2272 ruat,
695 2188 818 2256 cecidit
830 2188 982 2280 Spiritus
995 2202 1260 2280 sanctussupcr
1277 2186 1454 2277 eos,'sicut
1470 2204 1504 2258 et
1522 2190 1562 2257 in

14 2276 47 2400 ³1,
104 2304 107 2305 ’
237 2317 300 2362 nos
323 2295 361 2361 in
388 2293 491 2361 initio
513 2294 587 2362 scil.
608 2293 664 2361 die
687 2300 916 2384 pentecostes,
942 2296 1003 2384 qui
1030 2303 1105 2363 crat
1130 2296 1267 2364 initium
1294 2294 1562 2386 praedicationis

238 2399 445 2491 apostolicae
467 2405 502 2469 et
525 2400 677 2468 muneris
704 2399 855 2467 obeundi
879 2401 973 2491 quod
996 2401 1063 2468 illis
1087 2401 1338 2470 demandatum
1364 2406 1455 2481 erat3
1481 2422 1562 2468 cum

239 2505 331 2575 dicat
344 2505 433 2574 sicut
454 2517 488 2574 et
508 2505 546 2574 in
563 2528 625 2575 reos
638 2510 673 2575 et
688 2505 852 2574 adventus
866 2507 1014 2595 Spiritus
1031 2508 1140 2574 sancti
1159 2530 1201 2574 cr
1216 2506 1417 2594 glossulalia
1439 2507 1484 2573 sit
1502 2529 1561 2574 co-

236 2612 351 2700 gnitus
368 2611 667 2703 (10,t6)‚epparet
687 2611 919 2700 glossulaliam
937 2633 1007 2680 esse
1029 2612 1178 2680 candem
1202 2612 1247 2679 de
1270 2635 1339 2703 qna
1363 2618 1462 2698 2,11;
1487 2618 1560 2680 tum

13 2726 42 2783 ε’
133 2795 138 2804 ,
234 2722 353 2787 Petrus
375 2718 529 2785 meminit
551 2719 649 2785 verbi
662 2717 795 2786 Domini
810 2740 842 2786 v.
866 2724 907 2785 16
926 2717 1122 2786 recordatus
1145 2741 1222 2786 sum
1243 2730 1361 2786 aretem
1383 2719 1478 2787 verbi
1490 2721 1560 2786 Do-
1659 2760 1661 2765 ·

233 2822 325 2891 mini
329 2876 340 2909 ,
364 2822 452 2892 sicut
477 2822 644 2895 dicebat
671 2827 815 2891 Ioannes
837 2823 977 2913 quidem
1003 2824 1193 2915 baptizavit
1223 2846 1336 2913 apua,
1361 2836 1559 2892 vosautem

13 2904 43 3029 ss
132 2974 137 2979 -
238 2929 500 3021 baptizabimini
513 2930 644 3021 Spiritu
657 2942 792 3015 sancto,
812 2937 867 3012 1,5
885 2937 919 2996 et
932 2931 1031 2998 simul
1048 2931 1221 3020 perspexit
1238 2930 1327 2998 illud
1341 2953 1399 2998 vos
1417 2929 1560 3003 minime

233 3034 280 3104 ad
297 3035 466 3127 apostolos
488 3042 522 3105 et
541 3035 682 3105 ludaeos
696 3057 768 3104 esse
787 3035 981 3103 restrictum
1001 3059 1022 3102 a
1039 3036 1184 3104 Christo.
1203 3041 1278 3104 Non
1299 3036 1413 3104 solum
1428 3035 1558 3103 adven·

235 3146 310 3210 tum
336 3143 480 3233 Spiritus
507 3143 544 3212 in
572 3141 723 3211 medium
747 3142 894 3232 profert,
915 3140 976 3208 sed
999 3142 1104 3209 etiam
1131 3141 1277 3209 verbum
1302 3141 1440 3209 Domini
1464 3162 1559 3209 eom-
1613 3214 1617 3222 ,

236 3254 420 3330 memorat3
440 3249 556 3339 itaque
574 3248 663 3317 nibil
685 3249 766 3316 novi
780 3246 923 3327 accidit,
938 3246 999 3314 sed
1019 3246 1057 3314 id
1078 3247 1170 3336 quod
1188 3247 1410 3338 praedixerat
1434 3246 1556 3337 (cta).

213 3359 308 3450 ,lpse
321 3359 408 3423 Deus
419 3354 535 3446 itaque
556 3377 652 3444 pares
673 3351 920 3422 demonstrarit
936 3352 1077 3419 ludaeos
1093 3358 1126 3419 et
1147 3354 1313 3439 gentiles,
1330 3353 1366 3420 id
1387 3352 1482 3442 quod
1497 3352 1558 3420 de·

234 3459 385 3528 claretur
406 3482 439 3529 v.
463 3466 503 3527 17
526 3460 558 3529 si
582 3460 662 3549 erpo
687 3459 831 3528 oorrdcm
854 3457 1007 3548 qratiam
1038 3456 1134 3525 dedit
1169 3457 1243 3524 illis
1272 3462 1380 3542 Deru,
1404 3458 1492 3525 sicut
1526 3469 1559 3525 et

234 3565 333 3634 nobis
357 3565 419 3657 qui
440 3565 647 3634 credidimus
672 3567 708 3632 in
728 3565 914 3634 Dominum
936 3567 1046 3630 lesum
1066 3563 1256 3648 Christum,
1279 3587 1343 3654 epo
1359 3563 1440 3656 quis
1462 3585 1559 3641 eram

234 3672 297 3763 qui
307 3694 443 3763 possem
459 3673 640 3763 probibere
662 3674 795 3739 Deum?
814 3680 1000 3740 πιστεύσασιν
1023 3670 1094 3736 sinc
1116 3670 1265 3737 articulo
1286 3670 1425 3737 videtur
1444 3670 1559 3760 potius

231 3777 447 3846 referendum
462 3800 533 3846 esse
554 3778 599 3846 ad
618 3783 720 3859 αὐτοῖς
741 3781 776 3845 et
798 3776 925 3844 addere
945 3776 1040 3841 illam
1061 3774 1296 3843 conditionem
1323 3797 1393 3865 qua
1412 3773 1558 3865 impleta

233 3883 422 3971 gentilibus
446 3887 532 3952 Deus
554 3892 606 3968 τὴν
630 3893 694 3969 ἴσην
716 3886 829 3972 δωρεὰν
853 3880 1007 3962 dederit,
1029 3882 1112 3970 quia
1133 3881 1205 3948 scil.
1225 3880 1408 3949 crederent
1430 3879 1468 3948 in
1491 3885 1557 3949 Do·

231 3987 363 4056 minum
386 3992 493 4057 lesum
517 3988 704 4070 Christum,
725 3987 770 4057 ad
785 3997 965 4078 utramque
985 4007 1101 4054 vocem
1127 3991 1228 4068 αὐτοῖς
1248 3993 1283 4053 et
1308 4000 1381 4071 ἡμῖν
1402 3986 1557 4054 referunt

235 4093 327 4163 Beel.
344 4096 454 4178 Pata,
471 4094 516 4162 ad
535 4108 606 4180 ἡμῖν
634 4094 772 4179 ll'endt,
789 4095 875 4162 Felt.
896 4121 913 4156 u
939 4096 1027 4180 Ergo
1049 4099 1138 4160 Deus
1158 4092 1236 4159 illos
1257 4092 1464 4182 baptizavit,
1485 4112 1555 4157 non

235 4223 313 4290 ego.
334 4205 407 4268 lton
426 4200 512 4268 dixit
535 4202 749 4290 :posthaec
775 4200 891 4268 omnia
915 4222 1029 4266 annon
1057 4198 1243 4289 oportebat
1262 4197 1404 4265 demum
1428 4217 1557 4286 aquam

230 4306 380 4375 addere?
402 4306 464 4375 scd
489 4306 588 4397 quasi
611 4306 699 4373 nihil
722 4306 883 4375 deficeret
906 4327 913 4373 :
938 4326 1004 4391 ego
1032 4305 1109 4394 quis
1138 4325 1250 4385 eram,
1277 4302 1411 4392 inquit,
1432 4310 1555 4383 δυνατὸς

88 4493 96 4503 ,
145 4484 149 4491 ,
186 4406 188 4411 ,
228 4422 361 4483 κωλῦσαι
373 4424 422 4483 τὶν
442 4414 538 4498 Osir3
555 4417 720 4495 drisimir
739 4417 942 4499 ἠ-ἂπελεγίαέ
966 4415 1092 4501 Papae,
1111 4409 1224 4498 qualis
1244 4408 1417 4507 delensiol
1437 4411 1553 4498 Neque

229 4520 322 4588 enim
332 4518 417 4587 dixit
432 4539 441 4586 ε
457 4520 542 4587 haee
555 4540 639 4605 ergo
654 4539 732 4585 cum
744 4520 857 4585 sciatis
873 4516 1052 4606 quiescite,
1068 4515 1128 4582 scd
1142 4514 1251 4604 quid?
1268 4515 1396 4605 excipit
1409 4512 1549 4581 illorum

229 4626 396 4715 impetum
419 4630 452 4694 et
470 4625 539 4709 illis
559 4624 798 4721 accusantibus
821 4646 857 4690 se
876 4630 1019 4711 purgat,
1045 4621 1269 4688 vehementer
1287 4625 1322 4688 ct
1345 4621 1499 4707 graviter
1516 4641 1552 4687 sc

228 4730 382 4800 defendit
408 4760 424 4795 u
448 4730 570 4821 (Chat
591 4735 682 4804 Duae
708 4738 787 4798 sunt
806 4729 1018 4820 quaestiones
1042 4727 1213 4809 concisae,
1231 4727 1329 4818 quasi
1351 4747 1430 4794 cum
1457 4724 1552 4793 indi·
