4154 5452
233 332 294 393 170
780 349 845 394 aar.
868 330 1002 401 sar-rs.

230 480 415 548 dicebant:
436 501 550 548 nonne
562 478 618 547 nic
638 493 688 547 est
706 479 768 570 qui
778 479 998 568 'eupupnabat
1015 481 1194 561 ὁπορθήσας
1215 471 1272 562 (cl.
1290 474 1362 541 Gal.
1390 480 1481 555 1,13.
1498 478 1552 561 23)

226 587 264 653 in
282 587 485 674 Ierusalem,
506 585 535 654 si
550 585 734 673 legitera,
750 579 1011 673 (quodquidam
1030 578 1245 668 praeierunt,
1266 577 1316 647 Ti.
1333 577 1386 646 Bl.
1416 578 1549 668 Weiss),
1611 576 1613 583 ’

225 693 401 763 indicatur
415 693 535 761 fideles
554 690 656 759 etiam
673 711 713 756 ex
738 687 814 755 aliis
828 686 964 777 oppidis
980 686 1018 753 in
1031 685 1218 754 Ierusalem
1234 690 1359 753 tractos
1370 684 1491 775 ibique
1515 686 1552 751 in

226 823 401 870 carcerem
416 800 535 866 missos
549 789 672 862 osseos.
694 799 769 874 8,3;
784 792 913 883 eosqui
932 793 1137 874 inuocabant
1160 813 1286 859 nomen
1305 791 1415 878 istud,
1436 790 1554 860 ludaei

224 905 321 975 haud
342 907 432 972 bene
446 903 484 969 in
498 905 610 967 lesum
624 897 737 966 allecti
755 897 946 990 loquuntur
960 898 1100 989 (arad),
1119 896 1180 965 sed
1199 896 1303 964 simul
1316 897 1553 967 testimonium

224 1011 390 1081 exhibent
414 1006 533 1075 fideles
546 1009 655 1073 lesum
671 1003 842 1103 invocare,
860 1005 985 1089 colere,
1000 1003 1147 1072 adorare
1174 1002 1233 1091 (ci.
1251 1023 1285 1069 v.
1314 1002 1390 1094 1t);
1410 1010 1444 1071 et
1459 1003 1554 1095 quod
1622 1087 1626 1094 ⁸

110 1172 121 1193 ,
224 1122 332 1205 auget
350 1112 631 1193 admirationem
648 1124 681 1180 ct
701 1111 768 1181 lruc
789 1113 838 1181 ad
857 1111 918 1180 lroc
932 1110 1042 1191 venit,
1057 1120 1095 1177 at
1110 1107 1242 1175 vinctos
1255 1106 1335 1176 illos
1351 1108 1489 1177 dacer-ct
1506 1109 1556 1176 ad

219 1220 404 1314 principes
433 1217 649 1287 sacerdotum
654 1240 669 1305 ;
696 1241 816 1287 veram
845 1216 1065 1308 praedicabat
1096 1214 1209 1283 solum
1234 1237 1299 1305 per
1322 1215 1457 1306 aliquot
1480 1214 1555 1283 dies

228 1328 275 1418 (v.
295 1325 370 1417 19);
397 1353 413 1388 a
436 1348 506 1393 non
526 1325 749 1394 erubescebat
769 1325 812 1393 de
832 1323 1019 1391 mutatione
1036 1343 1149 1412 neque
1172 1322 1348 1391 metuebat
1377 1321 1553 1391 destruere

224 1433 287 1501 illa
296 1433 332 1501 in
346 1431 474 1524 quibus
487 1438 590 1499 antea
609 1432 720 1498 clarus
735 1435 810 1498 erat
831 1456 847 1492 a
866 1427 989 1518 (clia).
1011 1432 1053 1495 At
1072 1449 1151 1495 mox
1169 1426 1334 1518 relinquit
1353 1426 1492 1508 urbem,
1517 1450 1553 1496 sc

227 1541 365 1608 confert
378 1539 414 1606 in
429 1537 612 1618 Arabiam,
636 1542 727 1603 certe
743 1536 857 1624 gratia
869 1534 987 1602 divine
1001 1533 1137 1617 ductus,
1150 1538 1188 1601 ut
1205 1555 1332 1601 novam
1346 1555 1450 1625 quam
1467 1536 1554 1602 hau-

224 1651 318 1714 serat
330 1643 438 1712 vitam
453 1644 492 1710 in
506 1663 541 1709 se
556 1641 632 1732 ipso
645 1641 778 1709 foveret
791 1646 825 1709 et
838 1639 1021 1708 solitudine
1040 1643 1074 1707 et
1088 1638 1243 1706 oratione
1264 1637 1308 1706 ad
1326 1660 1453 1709 munus
1466 1662 1553 1731 apo-

225 1749 387 1819 stolicum
408 1760 444 1817 se
468 1752 703 1839 praepararet.
726 1752 763 1814 ln
782 1768 823 1814 ea
841 1745 1025 1814 solitudine
1043 1744 1244 1838 ..censendus
1263 1749 1313 1813 est
1334 1745 1505 1837 accepisse
1531 1768 1553 1813 a

224 1856 370 1924 Domino
387 1853 584 1923 doctrinam
599 1852 830 1944 plenissimam
846 1852 1015 1942 evangelii
1031 1851 1087 1943 (cl.
1107 1858 1123 1919 1
1139 1854 1213 1919 Cor.
1241 1857 1355 1937 ltus.
1370 1851 1443 1921 Gal.
1459 1858 1549 1936 1‚12.

224 1962 312 2053 Eph.
330 1967 406 2044 3,3;
423 1959 502 2028 vide
518 1958 680 2048 Cornely,
700 1963 888 2028 Commont.
905 1959 942 2025 in
960 1965 982 2026 Ξ
1000 1962 1076 2027 Cor.
1094 1956 1166 2026 Gal.
1183 1980 1219 2047 p.
1235 1962 1299 2026 toa
1311 1958 1415 2049 seq).

269 2073 317 2136 Ex
331 2067 396 2135 illa
408 2068 525 2134 autem
539 2065 724 2135 solitudine
739 2086 893 2134 reversus
914 2064 998 2133 etin
1021 2064 1081 2132 illa
1095 2069 1302 2155 consecutus
1324 2064 1370 2133 ab
1392 2064 1468 2156 ipso
1488 2069 1551 2132 lto-

224 2174 321 2241 mino
341 2171 590 2263 amplissimam
606 2171 650 2239 de
664 2193 773 2260 regno
791 2170 959 2239 messiano
972 2170 1224 2239 institutionem
1239 2170 1344 2239 etiam
1363 2170 1496 2240 maiore
1512 2172 1548 2240 vi

224 2284 259 2347 et
274 2280 428 2361 fervore,
446 2276 578 2346 maiore
589 2283 874 2365 argumentorum
888 2281 1058 2368 apparatu
1072 2275 1296 2368 praedicabat
1310 2298 1344 2347 v.
1362 2283 1405 2345 22
1419 2276 1549 2345 Saulus

224 2396 341 2453 autern
362 2383 474 2451 mallo
495 2384 607 2474 mapr's
627 2384 893 2469 convalescebat,
919 2382 1163 2464 invalescebat,
1179 2382 1313 2450 ammos
1331 2382 1479 2451 maiores
1493 2406 1551 2451 su-

223 2490 359 2571 mebat,
377 2490 484 2559 fiebat
506 2488 693 2557 animosior
713 2489 751 2556 in
768 2489 1000 2580 praedicando
1019 2487 1202 2577 evangelio
1226 2487 1364 2579 (decl),
1385 2494 1424 2558 ut
1441 2488 1551 2580 aliqui

224 2596 360 2665 addunt
373 2607 416 2686 τῷ
426 2603 523 2686 λὸγῳ,
538 2607 571 2664 el
580 2593 815 2684 confundebat
827 2594 971 2664 ludaeos
984 2595 1046 2686 qui
1057 2594 1258 2663 latitabant
1271 2596 1437 2664 Damasci
1447 2595 1551 2687 affir-

222 2724 325 2771 mans
351 2708 547 2787 συμειεάζων,
569 2701 647 2771 Clrr.
672 2706 828 2787 διδάσκων,
851 2703 895 2770 cl.
919 2709 934 2770 1
960 2706 1035 2770 Cor.
1061 2708 1154 2787 ult.
1177 2704 1271 2770 LXX
1291 2707 1334 2770 Is.
1358 2706 1482 2785 to,13;
1509 2724 1551 2771 ex

223 2810 361 2877 ratione
382 2807 615 2897 etymologica
629 2807 766 2876 videtur
782 2807 975 2896 significare
991 2830 1000 2874 t
1015 2807 1135 2876 docere
1150 2806 1233 2876 locis
1251 2808 1398 2876 rebusve
1410 2809 1501 2876 inter
1513 2830 1550 2877 se

222 2914 357 2984 collatis
377 2915 436 3005 (cl.
459 2913 579 3003 lieet),
596 2914 763 3005 quoniam
788 2914 845 2982 lric
868 2926 918 2982 est
934 2913 1108 3001 cunsta-
1128 2913 1178 2981 uti
1199 2913 1326 3004 duplex
1344 2921 1481 3006 tempus
1498 2914 1551 2983 in·

224 3020 321 3090 dicat
334 3026 457 3105 Lucas,
475 3020 523 3088 ita
541 3020 595 3087 bis
609 3042 747 3112 quoque
760 3020 862 3088 modo
875 3020 1033 3089 distincto
1047 3019 1204 3111 loquitar
1220 3019 1263 3088 de
1277 3020 1547 3112 praedicatione,

222 3128 328 3197 modo
344 3126 456 3215 magis
466 3125 615 3217 simplici
629 3127 665 3193 in
680 3149 714 3194 v.
727 3133 786 3210 20,
803 3127 906 3195 modo
924 3126 1091 3217 ampliore
1108 3125 1183 3207 hic}
1199 3125 1252 3195 ihi
1262 3129 1448 3197 annuntiat
1462 3128 1550 3196 veri·

222 3239 332 3303 tatem
350 3231 565 3323 simpliciter,
584 3232 641 3301 hic
654 3232 858 3323 pugnaciter
866 3231 1007 3324 probat,
1023 3232 1216 3315 confundit,
1233 3233 1372 3317 refutat,
1388 3233 1434 3302 ad
1446 3233 1550 3302 silen-

223 3339 314 3408 tium
329 3361 408 3406 cum
424 3338 559 3429 pudore
584 3338 696 3425 adigit
709 3338 937 3420 adversarios,
954 3338 1036 3406 dum
1057 3338 1132 3430 ipse
1149 3340 1279 3407 maiore
1298 3339 1407 3407 animi
1426 3341 1548 3428 vigore

223 3467 371 3515 munere
391 3451 453 3513 'suo
481 3444 651 3532 fungitur.
677 3443 771 3512 Unde
790 3445 856 3513 hoc
877 3466 975 3512 versu
996 3450 1038 3510 22
1061 3443 1166 3512 aliam
1191 3444 1272 3512 satis
1296 3444 1390 3514 clare
1414 3444 1549 3514 indicat

224 3551 445 3644 perioduma
469 3550 587 3643 priore
612 3548 671 3617 illa
688 3549 819 3640 aliquot
831 3550 967 3619 dierum
987 3549 1207 3633 distinctam
1220 3572 1329 3641 quare
1349 3558 1428 3619 ante
1452 3575 1486 3621 v.
1505 3559 1548 3620 22³.

225 3662 474 3749 capsarum
494 3655 562 3723 iter
570 3654 749 3723 arabicum
767 3654 1006 3724 collocandum
1020 3662 1081 3724 est.
1104 3658 1261 3724 Ceterum
1276 3657 1432 3745 generali
1456 3657 1548 3726 eius-

220 3763 321 3832 modi
334 3762 565 3853 descriptione
578 3764 684 3828 Lucas
698 3760 836 3851 longius
848 3762 1011 3852 temporis
1021 3761 1172 3853 spatium
1185 3761 1367 3851 designare
1383 3763 1471 3833 solet
1490 3765 1545 3852 (cl.

220 3874 300 3939 Luc.
314 3875 392 3953 8,1·;
409 3873 584 3951 maras.
598 3872 669 3935 Act.
688 3872 783 3951 2112,
802 3873 899 3953 t,sr;
915 3868 1020 3957 atu).
1035 3868 1131 3947 Quod
1145 3868 1285 3957 longius
1294 3874 1431 3962 tempus
1442 3872 1546 3939 etiam

217 3973 399 4043 indicatur
416 3997 449 4042 v.
466 3979 508 4042 23
526 3996 605 4042 cum
624 3985 740 4041 autem
758 3973 979 4066 implerentur
993 3973 1067 4042 dies
1081 3974 1196 4064 malti,
1214 3997 1294 4044 cum
1312 3977 1477 4046 transacti
1494 4000 1547 4046 es·

217 4085 293 4149 sent
307 4080 382 4148 dies
393 4080 513 4166 multi,
528 4086 663 4171 tempus
687 4088 725 4150 ut
741 4104 898 4151 mensura
927 4080 1098 4172 quaedam
1117 4081 1373 4173 consideraturg
1388 4085 1433 4151 cf.
1451 4090 1544 4167 ’1,23.

216 4193 297 4256 Luc.
332 4192 494 4266 1‚23.57;
515 4193 584 4269 2,(3.
598 4194 659 4270 213
681 4194 731 4257 est
750 4187 964 4256 hebraismus
988 4176 1054 4254 ata
1074 4189 1172 4279 (Gen.
1195 4195 1311 4276 29,2'l.
1339 4189 1401 4257 lob
1425 4195 1544 4274 15,3a;

220 4300 315 4378 393.
338 4297 421 4362 Dan.
443 4299 501 4375 9,2
525 4292 621 4382 etc.);
643 4301 810 4385 quantum
830 4293 993 4385 temporis
1006 4294 1041 4362 in
1063 4295 1129 4363 hac
1149 4293 1257 4362 altera
1279 4297 1548 4364 commoratione

222 4400 430 4469 damascena
447 4400 686 4489 insumpserit,
704 4406 811 4469 Lucas
824 4403 1014 4470 accuratius
1025 4424 1096 4469 non
1120 4400 1280 4488 designat
1286 4425 1296 4487 ;
1315 4413 1428 4492 ἡμέραι
1451 4411 1548 4473 ἱκαναί

223 4514 361 4599 tempus
375 4506 494 4575 dicunt
507 4512 561 4574 sat
573 4506 720 4594 longum
741 4507 827 4598 (sla
838 4508 882 4575 cf.
897 4531 931 4577 v.
949 4515 1008 4591 as;
1030 4513 1150 4591 18,1a;
1165 4507 1272 4597 ulfi).
1291 4507 1418 4588 Quodsi
1435 4508 1546 4600 aliqui

221 4615 374 4683 clamant
395 4612 469 4682 dies
484 4613 611 4681 multos
636 4636 708 4682 non
732 4636 829 4704 posse
857 4614 1036 4703 designare
1060 4613 1208 4705 spatium
1231 4612 1337 4682 trium
1358 4638 1543 4699 annorum,

221 4720 500 4811 ideoquoadesse
523 4718 831 4790 contradictionem
843 4744 923 4791 cum
933 4722 1003 4792 Gal.
1023 4719 1387 4813 1‚18(Wendr,Hilq.
1408 4722 1543 4812 Weiss),
