4010 5474
1032 424 1098 468 scr.
1123 410 1237 478 aaa-9.
1737 413 1797 473 ast

513 559 690 626 Accusatio
709 564 782 625 erat
798 557 920 624 eadem
945 577 1033 645 quae
1052 555 1156 622 etiam
1171 579 1192 623 a
1209 557 1343 624 ludaeis
1362 560 1482 623 contra
1497 561 1606 625 lesum
1626 566 1701 628 crat
1714 584 1796 651 pro-

468 663 539 731 lata
558 664 653 754 (Luc.
674 659 767 741 233.
789 666 882 728 loan.
907 666 1020 743 tata.
1041 669 1097 745 15;
1113 662 1252 753 Saltu),
1271 662 1457 730 clatnuntes
1471 684 1484 729 .·
1502 665 1669 753 qttouiam
1683 667 1721 733 lai
1733 668 1797 756 qui

469 773 585 838 urbem
603 770 777 835 concitent
804 779 837 834 et
860 766 925 834 lactc
950 782 1114 837 venerunt
1136 780 1189 854 τὴν
1215 774 1407 856 οἱκουμένην;
1433 791 1515 857 ergo
1536 769 1725 858 legendum
1745 774 1796 839 est

469 878 580 945 orbem
601 872 716 963 (fuld,
741 872 861 942 orbem
881 880 1054 942 terrarum
1079 875 1245 963 Cassiod,
1268 877 1387 943 orbem
1411 877 1519 963 Cui.);
1543 876 1667 965 quibus
1682 876 1795 943 verbis

468 979 575 1047 alludi
598 977 737 1047 videtur
755 979 856 1048 adid
875 981 969 1071 quod
988 981 1140 1048 Iustinus
1159 987 1276 1048 narrat
1294 981 1338 1046 de
1354 979 1485 1047 ludaeis
1506 1002 1514 1048 :
1535 1009 1551 1042 «
1568 981 1718 1049 delectos
1733 982 1794 1050 ho-

468 1085 575 1151 mines
596 1086 819 1154 constituistis
842 1108 884 1153 ac
903 1094 966 1176 pe'r
984 1107 1042 1152 cos
1060 1086 1096 1152 in
1111 1092 1220 1154 totum
1236 1085 1355 1153 orbem
1373 1073 1544 1153 terrarum
1558 1087 1677 1153 missos
1692 1108 1794 1176 prae-

467 1189 605 1260 dicastis
625 1193 770 1283 impiam
798 1192 977 1282 quandam
998 1198 1032 1258 ct
1052 1193 1206 1279 exlegem
1229 1199 1356 1260 sectam
1385 1215 1406 1259 a
1424 1193 1529 1282 plano
1552 1192 1700 1283 quodam
1719 1199 1794 1261 lesu
1907 1192 1910 1195 ’

467 1299 650 1365 excitatam
666 1298 769 1365 luisse
791 1324 807 1358 u
830 1295 873 1386 (c.
894 1297 1022 1387 Tryph.
1039 1319 1075 1366 n.
1093 1304 1172 1381 1083
1188 1299 1231 1365 cl.
1248 1319 1284 1365 n.
1304 1305 1361 1380 173
1384 1301 1430 1364 M.
1453 1302 1681 1385 o,72·1.51t);
1698 1299 1792 1366 idem

466 1425 605 1493 ‘iumlue
641 1424 681 1468 0³
715 1407 871 1483 veiorum
903 1402 1037 1493 seriptis
1072 1409 1189 1493 patere
1217 1404 1339 1471 asserit
1374 1405 1541 1470 Eusebius
1576 1403 1633 1493 (ad
1664 1409 1705 1473 ls.
1736 1410 1789 1487 18,
1900 1494 1903 1500 ἢ
1995 1390 1997 1395 ’

468 1514 504 1587 1;
522 1510 571 1574 Μ.
591 1506 745 1597 atala).
764 1507 911 1575 Proinde
922 1508 992 1576 iam
1005 1511 1157 1576 omnium
1171 1508 1339 1577 invidiam
1353 1509 1391 1576 in
1404 1529 1462 1576 eos
1475 1511 1624 1576 excitare
1634 1508 1789 1589 student;

465 1635 498 1679 v.
524 1619 544 1678 7
567 1634 652 1703 quos
672 1614 821 1706 suscepit
843 1616 960 1699 lason,
979 1627 1012 1681 et
1025 1614 1065 1681 ti
1081 1637 1208 1699 omnes,
1229 1614 1374 1705 proinde
1392 1638 1460 1682 non
1476 1616 1587 1682 solum
1606 1612 1788 1704 apostolos,

465 1740 585 1786 verum
608 1742 729 1788 omues
748 1721 818 1787 iam
838 1720 956 1788 lideles
976 1742 1041 1810 pro
1065 1743 1127 1788 sua
1148 1721 1294 1811 perfidia
1314 1743 1392 1788 reos
1412 1743 1516 1808 agere
1539 1721 1659 1788 v'olunt
1678 1722 1790 1789 laesae

465 1824 666 1908 maiestatis,
697 1836 817 1895 contro
843 1824 979 1893 decreta
1004 1827 1159 1895 Caesaris
1179 1827 1332 1914 faciunt,
1361 1848 1477 1916 repam
1503 1827 1612 1893 alium
1638 1827 1790 1912 dicentes

463 1951 533 1998 csse
548 1932 683 2018 Iesatm,·
701 1931 804 2023 proin
817 1931 875 2000 isti
893 1932 1035 2022 pariter,
1055 1933 1105 2000 uti
1116 1933 1316 2001 sacerdotes
1328 1932 1641 2020 hierosolymitani,
1659 1939 1790 2020 negant

462 2037 612 2105 llessiam
637 2059 774 2126 regem3
802 2059 951 2126 regnum
980 2039 1054 2107 eius
1076 2039 1256 2128 spirituale
1277 2038 1542 2107 calumniatores
1564 2040 1620 2106 isti
1640 2060 1787 2128 regnum

463 2141 582 2210 dicunt
602 2144 810 2234 temporale,
837 2166 906 2235 quo
932 2144 1065 2212 facilius
1089 2145 1256 2212 invidiam
1279 2152 1314 2212 et
1336 2145 1520 2211 vindictam
1552 2150 1787 2213 Romanorum

461 2255 613 2316 evocent.
639 2254 755 2340 Atque
781 2249 831 2317 ita
853 2255 963 2338 agunt
984 2250 1116 2334 ludaei,
1143 2252 1344 2341 ceteroquin
1369 2250 1414 2317 ad
1438 2248 1665 2318 rebellionem
1689 2272 1787 2340 para-

461 2353 580 2422 tissimi
599 2360 634 2423 et
652 2354 732 2424 odio
750 2355 856 2424 alieni
873 2357 1014 2447 imperii
1033 2358 1177 2425 accensi.
1200 2359 1293 2425 Hisce
1307 2356 1582 2425 accusationibus
1600 2356 1738 2447 plebem
1754 2366 1788 2425 et

460 2460 636 2551 praesides
654 2461 706 2530 rei
720 2463 861 2549 ignaros
879 2485 1002 2531 revera
1013 2463 1277 2554 perturbarunt;
1299 2485 1379 2531 nam
1395 2465 1423 2530 si
1439 2465 1505 2530 hoc
1519 2464 1568 2530 ita
1580 2472 1667 2545 erat,
1685 2463 1787 2531 facile

460 2565 615 2634 accidere
635 2572 789 2656 poterat,
813 2572 852 2635 ut
873 2567 993 2635 civitas
1015 2568 1199 2636 baberetur
1222 2592 1243 2636 a
1263 2567 1423 2636 Romanis
1440 2590 1503 2656 pro
1527 2567 1699 2634 seditiosa.
1721 2569 1786 2635 Sed

463 2671 571 2738 lasum
601 2671 791 2763 ceterisque
822 2672 983 2741 fidelibus
1009 2674 1351 2741 thessalonicensibus
1379 2672 1439 2761 qui
1472 2672 1687 2762 praesidibus
1712 2676 1786 2740 noti

460 2782 573 2862 erant,
598 2799 669 2846 non
695 2784 770 2847 erat
790 2776 932 2847 difficile
953 2778 1029 2847 illas
1047 2780 1237 2846 calumnias
1256 2778 1451 2859 destruere,
1469 2778 1685 2868 praesidibus
1703 2801 1786 2869 quo-

459 2905 527 2974 que
543 2883 669 2952 honori
689 2884 924 2976 reputandum
946 2891 1007 2966 est,
1029 2886 1123 2975 quod
1141 2907 1212 2951 uon
1231 2884 1441 2952 clamoribus
1456 2885 1658 2952 ludaeorum
1672 2907 1709 2953 se
1721 2885 1786 2952 ob·

390 3052 392 3057 .
460 3010 560 3057 ruere
591 2995 804 3080 paterentur,
834 2990 895 3058 sed
918 2990 1111 3058 testimonio
1143 2991 1268 3058 lasonis
1289 2991 1507 3078 aliorumque
1528 2991 1786 3080 acquiescerent

459 3115 492 3164 v.
521 3102 541 3162 a
566 3109 599 3162 et
620 3108 763 3187 accepta
783 3095 1021 3184 satisfactione
1038 3118 1060 3163 α
1077 3099 1196 3163 Iasone
1220 3109 1253 3163 et
1272 3120 1293 3163 a
1313 3097 1432 3163 ceteris
1451 3094 1657 3164 ‹lintiseruut
1677 3119 1732 3164 eos
1750 3108 1784 3166 e

459 3209 556 3269 tusca
571 3207 716 3284 λιεὲντες
735 3200 957 3269 satisdatione
973 3210 1128 3292 accepta,
1146 3204 1194 3269 ita
1208 3201 1282 3269 scil.
1300 3210 1337 3271 ut
1352 3201 1568 3292 praesidibus
1582 3224 1783 3292 persuasum

458 3314 547 3374 esset
570 3307 660 3375 nihil
682 3313 805 3376 contra
825 3307 922 3397 leges
946 3308 1108 3376 accidisse
1131 3331 1190 3375 seu
1223 3308 1423 3375 machinari.
1454 3309 1631 3385 Quomodo
1651 3308 1721 3377 illis
1740 3309 1785 3377 sit

458 3414 538 3481 satis
558 3412 697 3499 datum,
714 3436 761 3482 uu
778 3413 978 3505 pervadas,
1000 3437 1198 3504 sponsores,
1220 3415 1435 3483 fideiussores
1454 3416 1526 3505 (pb,
1553 3415 1633 3503 ut),
1656 3438 1700 3481 an
1718 3414 1781 3482 dc·

459 3518 569 3611 positu
587 3519 753 3610 pecunia,
776 3526 817 3588 ut
832 3518 934 3588 droul
952 3543 1017 3611 pro
1037 3522 1152 3588 futuro
1172 3521 1302 3588 adesset
1322 3521 1474 3610 sponsio,
1492 3521 1632 3588 decerni
1646 3520 1782 3610 nequit,

459 3648 572 3717 neque
594 3624 743 3694 multum
763 3625 918 3694 interest.
948 3631 987 3694 Et
1008 3628 1173 3716 prolecto,
1196 3627 1265 3694 illis
1288 3635 1362 3694 erat
1384 3626 1478 3693 haud
1496 3625 1638 3693 dillicile
1659 3626 1785 3694 invicte

459 3732 608 3823 probare
631 3731 720 3799 nihil
746 3754 818 3801 esse
840 3738 956 3801 actum
982 3756 1045 3800 nce
1070 3735 1128 3820 agi
1155 3756 1266 3822 neque
1292 3733 1398 3799 ullum
1427 3756 1497 3800 csse
1523 3733 1717 3823 periculum
1741 3755 1784 3800 ne

460 3838 543 3928 quid
561 3844 727 3928 ageretur
745 3838 935 3930 quodcum
951 3838 1067 3929 aliqua
1087 3840 1198 3929 specio
1213 3838 1364 3906 criminis
1380 3840 1490 3907 laesae
1506 3839 1692 3905 maiestatis
1704 3861 1784 3929 pos-

384 3948 387 3955 '
458 3948 510 4011 set
522 3945 687 4012 accusari.

504 4047 732 4118 Nihilominus
748 4050 943 4117 consultum
956 4058 1137 4141 putarant,
1157 4057 1193 4117 ut
1213 4051 1357 4141 apostoli
1375 4049 1485 4117 lusori
1500 4051 1706 4119 ludaeorum
1727 4072 1785 4119 ce·

459 4154 592 4223 dorent.
617 4160 665 4223 lta
690 4155 814 4223 Paulus
842 4156 943 4224 citius
969 4179 1073 4247 quam
1100 4180 1164 4248 pro
1191 4157 1403 4225 institutione
1433 4156 1784 4225 thessalonicensium

460 4261 651 4354 optandum
671 4267 747 4329 crat
764 4261 939 4353 profectus
959 4269 1009 4330 cst
1030 4264 1088 4351 (cl.
1110 4271 1126 4330 1
1149 4263 1373 4343 Thess.2,17.
1394 4270 1451 4346 ¹83
1472 4270 1570 4345 3,10;
1593 4268 1672 4347 tata
1693 4264 1782 4353 seq.)

459 4489 523 4542 elles
534 4495 594 4543 sont
606 4490 741 4544 sltcislves.
755 4491 853 4543 temris
867 4504 952 4543 aucun
966 4489 1091 4543 tessaura
1105 4492 1214 4543 n'aurait
1228 4507 1262 4558 pu
1277 4493 1385 4543 deviner
1396 4506 1447 4556 que
1457 4492 1494 4543 tes
1504 4490 1627 4556 premiere
1638 4491 1786 4556 magistrats

459 4569 493 4622 de
505 4570 707 4640 Tbmlonique
720 4571 887 4638 s'appelaient
900 4572 1071 4637 politarqucs,
1089 4574 1197 4638 puisque
1211 4571 1248 4623 les
1267 4572 1325 4637 plus
1340 4577 1445 4624 maante
1464 4572 1668 4636 lexicographes,
1681 4572 1786 4637 jusqu'a

460 4664 502 4703 cea
513 4648 645 4703 dualem
654 4651 759 4713 sumu,
771 4656 819 4704 out
832 4665 866 4704 cu
880 4651 955 4718 peine
965 4654 981 4702 t
993 4651 1016 4704 le
1031 4654 1122 4705 croire.
1139 4656 1185 4706 Get
1199 4657 1330 4718 argument
1347 4653 1463 4719 acquisit
1477 4666 1570 4704 encore
1584 4651 1717 4717 beaucoup
1726 4653 1787 4717 ptus

458 4729 492 4782 dc
506 4729 584 4792 tora.
598 4730 621 4782 sl
635 4745 669 4782 ou
684 4731 709 4784 le
723 4731 863 4785 corrobora
877 4746 924 4799 par
942 4736 1000 4784 tous
1015 4733 1053 4784 les
1070 4739 1216 4798 argusnents
1232 4733 1264 4785 sle
1278 4732 1355 4785 detail
1366 4748 1418 4798 que
1436 4747 1501 4785 nous
1522 4746 1604 4784 arcas
1619 4731 1717 4783 donnes
1726 4733 1785 4797 Jus-

459 4810 536 4878 qu'lci
550 4814 577 4863 et
590 4811 636 4877 qui
647 4815 782 4865 montreut
795 4817 858 4865 tout
869 4813 894 4866 ls
910 4815 1001 4866 meme·
1007 4814 1153 4864 exactitude
1167 4817 1194 4866 et
1208 4815 1232 4864 la
1247 4818 1327 4866 nieme
1339 4814 1424 4865 surcte'·
1439 4813 1471 4863 sle
1486 4812 1712 4876 renseigaements.
