4092 5490
1036 342 1289 455 1111111-11.
1669 427 1682 459 ,
1764 387 1822 446 sas

500 541 592 619 7,53,
611 540 704 603 loan.
729 487 820 618 l,19.
842 530 1080 620 Unusquisque
1098 529 1249 597 debebat
1265 529 1332 597 sibi
1350 528 1451 597 lateri
1470 551 1506 597 se
1521 530 1591 598 suis
1609 532 1741 601 viribus
1754 556 1824 603 non
1944 598 1948 607 .

499 665 595 734 posse
617 660 753 729 semper
776 645 810 704 et
831 642 1025 704 constanter
1044 642 1169 705 cuncta
1193 636 1283 726 legis
1302 640 1488 728 praecepta
1507 636 1710 720 ohservare;
1732 639 1824 707 unde

497 750 600 839 plane
632 743 819 813 absurdum
854 748 903 810 est
932 742 1002 810 tale
1040 766 1126 812 onus
1154 749 1222 812 Deo
1255 743 1362 811 invito
1395 742 1483 810 velle
1516 740 1679 831 gentihus
1709 743 1824 831 impo-

497 875 593 922 nere.

541 961 606 1023 Nos
627 957 693 1046 ipsi
709 954 836 1046 quibus
854 955 908 1022 lex
932 955 1016 1023 data
1030 964 1098 1039 est,
1115 944 1263 1024 salutem
1281 956 1462 1024 haurimus
1479 960 1514 1023 et
1534 955 1733 1045 quaerimus
1753 977 1824 1022 non

497 1084 537 1131 111
551 1062 645 1150 lege,
662 1084 695 1131 v.
712 1068 751 1130 11
764 1060 827 1129 sed
840 1060 1068 1151 pergratiam
1087 1062 1231 1129 Domini
1248 1065 1324 1131 Iesu
1345 1060 1474 1131 Christi
1493 1059 1664 1128 credimus
1675 1059 1806 1128 salvari
1811 1114 1822 1142 ,

498 1167 788 1260 quemadmodum
808 1179 840 1234 et
855 1166 930 1250 illi;
943 1167 999 1233 hic
1017 1166 1240 1236 offenduntur
1253 1168 1364 1235 critici
1381 1165 1493 1257 (Hily.
1517 1163 1659 1270 Wendt)
1675 1188 1716 1234 eo
1729 1165 1825 1257 quod

498 1281 617 1344 Petrus
637 1275 800 1363 loquatur
819 1271 924 1339 modo
946 1272 1104 1361 paulino;
1132 1295 1239 1363 quare
1258 1278 1384 1342 Lucam
1406 1294 1599 1339 sermonem
1618 1272 1669 1340 ita
1686 1295 1825 1363 compo·

498 1382 604 1450 suisse
623 1386 663 1447 ut
676 1400 776 1446 omne
795 1377 979 1446 discrimen
997 1387 1032 1447 et
1045 1379 1224 1446 dissidium
1240 1378 1417 1447 doctrinae
1431 1378 1522 1446 inter
1535 1383 1671 1446 Petrum
1687 1385 1722 1447 et
1738 1383 1823 1448 Pau·

498 1487 571 1554 lum
594 1483 1264 1576 101111111111111101111111911111111
1289 1508 1328 1554 ex
1355 1512 1372 1547 1
1403 1483 1522 1552 schola
1546 1483 1750 1571 tubingensi
1772 1482 1819 1572 n).

500 1596 622 1659 Verum
651 1590 708 1658 isti
730 1589 841 1659 critici
857 1613 928 1658 non
952 1590 1115 1659 videntur
1139 1614 1294 1682 unquam
1320 1589 1443 1679 legisse
1469 1590 1542 1659 Gal.
1565 1595 1658 1674 115.
1687 1596 1741 1671 11,
1762 1589 1826 1657 uhi

497 1697 571 1788 ipse
591 1697 714 1765 Paulus
732 1697 878 1788 loquens
896 1697 941 1765 ad
961 1703 1100 1766 Petrum
1116 1699 1255 1788 exponit
1269 1698 1355 1789 quid
1374 1697 1449 1788 ipse
1466 1703 1508 1765 11
1519 1702 1637 1793 Petrus
1657 1701 1690 1764 et
1706 1695 1825 1764 fideles
1937 1754 1943 1765 .

498 1804 616 1872 ludaei
628 1803 735 1894 probe
751 1803 981 1872 intellexerint
1006 1826 1014 1872 :
1038 1805 1099 1873 nos
1119 1810 1247 1873 natura
1268 1804 1385 1872 ludaei
1398 1804 1423 1870 i.
1445 1827 1476 1872 e.
1494 1809 1533 1871 tu
1548 1794 1591 1872 'et
1609 1824 1676 1892 ego
1696 1801 1825 1893 aliique

498 1910 631 1992 ludaei,
653 1910 797 1978 scientes
818 1909 911 2000 quod
934 1932 1007 1978 non
1029 1911 1234 1979 iustificetur
1254 1912 1359 1978 homo
1382 1933 1421 1977 011
1445 1910 1608 2002 operibus
1629 1907 1736 1997 legis,
1759 1909 1825 1977 nisi

496 2016 683 2106 perfidem
703 2021 776 2084 lesu
795 2015 932 2099 Christi,
950 2021 984 2084 et
1003 2038 1065 2083 nos
1082 2017 1119 2083 in
1137 2021 1251 2084 lesum
1272 2015 1445 2085 Christum
1464 2015 1691 2098 credidimus,
1714 2019 1753 2083 ut
1770 2014 1825 2082 iu-

497 2121 725 2190 stificaremur
738 2144 779 2188 ex
794 2121 863 2189 fide
882 2121 1008 2190 Christi
1029 2121 1115 2212 (Gal.
1134 2129 1228 2204 s,15.
1249 2124 1316 2211 16).
1333 2122 1429 2189 Unde
1442 2121 1569 2189 Paulus
1586 2121 1659 2211 ipse
1680 2124 1826 2187 testatur

385 2256 386 2259 ¹
499 2231 635 2295 Petrum
651 2229 687 2295 in
706 2227 826 2295 eadem
846 2249 961 2297 secum
982 2227 1052 2295 fide
1067 2250 1107 2297 ac
1123 2228 1344 2319 persuasione
1360 2248 1448 2309 esse,
1470 2228 1578 2294 immo
1596 2226 1639 2294 iis
1655 2226 1736 2317 ipsis
1749 2246 1825 2293 rer·

500 2333 553 2402 bis
571 2334 604 2402 ei
624 2333 660 2400 in
683 2334 884 2402 memoriam
904 2340 1042 2402 revocat
1061 2334 1146 2425 quid
1164 2333 1239 2433 ipse
1258 2339 1375 2402 Petrus
1397 2335 1436 2402 in
1454 2335 1520 2403 hac
1536 2333 1702 2422 legalium
1721 2353 1825 2423 quae-

500 2440 610 2509 stione
629 2439 769 2530 publice
789 2441 1077 2531 pronuntiaverit.
1097 2480 1143 2494 -
1164 2443 1265 2521 Quasi
1283 2464 1324 2509 ex
1345 2432 1482 2531 tripode
1503 2438 1707 2531 pronuntiat
1724 2436 1822 2527 Hilp.

500 2547 694 2614 orationem
722 2548 812 2614 hanc
833 2547 923 2614 Petri
943 2548 1000 2615 hic
1018 2548 1122 2638 plane
1138 2547 1314 2616 immerito
1333 2548 1416 2636 poni
1441 2553 1475 2614 et
1499 2568 1570 2613 esse
1589 2543 1825 2634 interpolatio-

499 2673 580 2719 nem
593 2652 741 2719 auctoris
754 2652 800 2719 ad
814 2652 1041 2741 Theophilum
1057 2653 1120 2742 (sie
1137 2655 1198 2721 hat
1214 2653 1289 2721 hier
1308 2652 1509 2741 uberhaupt
1526 2650 1608 2718 liein
1623 2649 1822 2729 llausrecht,

501 2779 592 2824 muss
604 2757 655 2824 als
670 2756 918 2845 Einsehaltung
933 2758 1078 2846 gelten).
1824 2757 1830 2768 '

543 2865 630 2931 llaec
648 2862 739 2930 Petri
751 2863 916 2954 expositio
934 2865 1106 2931 reverenti
1121 2864 1257 2933 silentio
1268 2864 1453 2955 excipitur3
1470 2886 1503 2933 v.
1524 2870 1565 2932 12
1585 2861 1695 2931 tacuit
1709 2874 1824 2930 orclem

497 2969 609 3036 omnis
628 2967 813 3036 multitudo
819 2990 835 3056 ,·
852 2993 892 3036 111
910 2970 1019 3037 altera
1038 2970 1184 3038 lectione
1199 2971 1338 3038 effertur
1359 2990 1367 3036 ε
1388 2992 1468 3038 111111
1484 2970 1704 3038 assensissent
1721 2966 1825 3035 simul

497 3076 647 3142 seniores
673 3075 715 3142 iis
743 3097 831 3165 quae
857 3098 878 3142 a
905 3078 1005 3142 Petro
1036 3075 1127 3143 dicte
1159 3081 1273 3157 erant,
1298 3074 1406 3144 tacuit
1436 3081 1502 3143 etc.
1524 3074 1686 3165 Plerique
1717 3073 1827 3162 igitur

496 3179 609 3248 verbis
630 3182 867 3272 aequiescunt;
884 3179 944 3249 alii
964 3182 1085 3248 saltem
1105 3203 1176 3250 non
1194 3181 1310 3272 palam
1330 3181 1578 3272 obloquuntur,
1599 3179 1756 3247 videntes
1778 3180 1825 3247 ab

498 3288 539 3352 iis
553 3288 636 3375 ipsis
647 3285 693 3353 ad
707 3308 794 3376 quos
813 3293 1084 3376 provocaverant
1098 3293 1219 3376 gentes
1231 3310 1299 3355 non
1314 3286 1422 3374 adigi.
1440 3287 1573 3355 Animis
1585 3286 1633 3353 ita
1649 3285 1826 3376 dispositis

501 3392 629 3482 optima
649 3399 723 3458 erat
745 3393 894 3476 occasio,
913 3398 950 3459 ut
968 3393 1064 3459 miris
1086 3393 1145 3461 Uei
1163 3395 1284 3482 gratiis
1302 3394 1393 3461 iuter
1411 3398 1532 3480 gentes
1551 3391 1712 3483 expositis
1736 3413 1824 3481 quae

501 3503 587 3566 esset
602 3520 720 3565 revera
742 3497 801 3565 Uei
818 3498 995 3588 dispositio
1014 3499 1118 3568 etiam
1132 3499 1244 3587 magis
1259 3500 1493 3567 declararetur
1511 3504 1546 3567 et
1566 3498 1616 3566 ita
1640 3519 1761 3565 omnes
1775 3519 1826 3565 as-

501 3602 690 3695 sumptioni
715 3605 871 3690 gentium
897 3605 1037 3673 omuino
1068 3604 1348 3674 conciliarentur.
1373 3610 1444 3683 Qua
1473 3604 1654 3673 occasione
1684 3607 1826 3671 utuntur

502 3708 562 3800 qui
593 3731 731 3778 causam
761 3710 943 3797 gentilium
971 3712 1272 3803 propugnabant:
1302 3724 1334 3780 et
1359 3710 1550 3779 audiebant
1576 3713 1772 3779 Bornobom
1793 3723 1827 3777 et

501 3815 669 3901 Paulum,
694 3816 867 3884 Barnabas
890 3818 1012 3885 missus
1033 3819 1078 3886 ab
1105 3818 1248 3887 ecelesia
1274 3818 1581 3907 hierosolymitana
1608 3817 1826 3885 Antiochiam

502 3922 631 4012 (1131)
648 3922 742 4013 plebi
757 3924 868 4011 magis
881 3929 982 3992 notus
1001 3929 1090 4005 crat,
1107 3923 1256 4015 ideoque
1271 3925 1387 4016 priore
1407 3946 1546 4016 quoque
1560 3925 1634 3992 loco
1656 3921 1715 3990 hic
1730 3921 1827 4013 poni·

499 4036 567 4108 tur,
584 4029 665 4117 quia
678 4029 794 4119 aptior
811 4029 994 4097 videbatur
1012 4030 1056 4098 ad
1074 4030 1352 4121 persuadendum
1373 4030 1424 4099 vir
1442 4028 1556 4119 magis
1570 4034 1672 4097 notus
1686 4028 1747 4120 qui
1763 4026 1824 4095 diu

499 4134 537 4201 in
561 4133 647 4201 urhe
666 4139 820 4202 versatus
842 4141 916 4202 erat
945 4136 998 4221 (ci.
1017 4141 1108 4218 t,36.
1124 4139 1198 4227 37),
1221 4151 1403 4205 narrantes
1425 4150 1559 4229 quanto
1577 4139 1667 4204 Dares
1686 4133 1825 4226 fecisset

500 4240 601 4330 siqua
615 4239 824 4331 etprodiyin
839 4239 876 4307 in
889 4241 1049 4331 pentibus
1058 4264 1126 4332 per
1144 4263 1222 4327 eos,·
1239 4245 1393 4311 consulto
1413 4245 1561 4311 ellerunt
1575 4242 1678 4331 signa
1698 4246 1732 4310 et
1746 4261 1826 4331 pro-

502 4346 615 4435 digia;
633 4348 723 4413 hisce
737 4348 827 4414 enim
844 4368 950 4438 quam
965 4347 1152 4415 clarissime
1167 4354 1310 4416 testatur
1324 4354 1409 4417 Ueus
1425 4371 1460 4417 se
1475 4349 1562 4416 velle
1578 4355 1612 4416 11
1630 4346 1825 4439 approbare

502 4452 599 4519 illam
615 4452 838 4543 praedicandi
854 4455 1041 4535 rationem,
1057 4476 1165 4545 quam
1186 4454 1401 4523 observarint
1426 4461 1461 4523 et
1482 4475 1588 4545 quem
1615 4453 1826 4522 iudaizantes

502 4558 752 4647 impugnarint.
770 4560 865 4628 Unde
880 4561 959 4627 talis
974 4582 1089 4628 rerum
1105 4561 1271 4652 expositio
1290 4563 1416 4629 mirum
1436 4561 1472 4630 in
1488 4563 1630 4629 modum
1645 4560 1826 4630 confirma-

504 4663 564 4731 bat
579 4664 769 4733 doctrinam
790 4688 810 4733 1
831 4671 929 4734 Petro
946 4666 1155 4735 declaratam
1171 4672 1206 4735 ct
1219 4690 1428 4759 magnopere
1447 4668 1574 4736 idonea
1591 4673 1665 4736 erat
1687 4664 1733 4734 ad
1755 4665 1827 4732 ani-

507 4791 580 4837 mos
596 4771 757 4859 gentibus
772 4772 1015 4841 conciliandos.
