4128 5442
167 294 171 315 ν
277 275 318 333 62
601 250 645 315 .'
713 250 718 265 ’
824 288 894 341 aar.
917 230 1077 346 tad-tta
1175 242 1179 247 ⁴

251 495 259 504 ,
276 423 507 512 generationis
525 444 717 514 perversae.
733 427 806 490 lam
821 423 913 489 clare
928 422 1103 490 indicatur
1114 421 1239 497 forent
1256 441 1386 510 magna
1398 420 1604 489 ludaeorum

194 572 199 580 ι
275 552 355 622 pars
373 529 534 623 repudiet
547 528 694 596 salutem
711 527 929 595 messianam.
949 530 1121 615 Sequetur
1132 526 1250 614 itaque
1271 554 1288 588 (ν
1314 525 1492 614 generatio
1518 527 1604 595 haec

276 638 369 706 mala
383 643 417 705 et
434 635 590 704 adultera
607 661 624 695 ν
642 633 769 723 (ttatth.
789 628 909 719 12,39)
926 629 1074 719 pessima
1101 632 1295 699 constantia
1318 635 1411 702 viam
1425 653 1531 723 quarn
1550 654 1604 699 se·

278 744 347 813 mel
360 744 517 831 ingressa
532 743 583 808 est
596 744 630 805 et
642 760 663 804 a
677 757 746 826 qua
764 733 876 801 noluit
890 734 1044 802 revocari
1058 734 1115 825 (cf.
1138 736 1255 804 tiatth.
1268 742 1366 822 &123
1384 745 1483 822 21‚t1
1501 736 1602 827 seq.),

277 852 328 920 uti
343 848 493 934 oraculis
509 862 648 935 quoque
664 841 913 931 prophetarum
927 839 999 910 iam
1024 842 1244 933 praedictum
1267 850 1341 911 erat
1362 844 1421 933 (cf.
1450 850 1491 912 is.
1510 850 1603 928 653.

277 950 534 1040 Rom.·10,21).
552 953 660 1026 Quam
679 947 800 1016 efficax
812 940 918 1016 fuerit
931 949 1078 1039 Spiritus
1096 951 1204 1019 sancti
1227 948 1404 1039 operatio,
1421 951 1546 1039 collige
1566 974 1606 1018 ex

178 1143 180 1147 .
275 1086 308 1132 v.
326 1068 365 1130 tl
382 1058 447 1149 qui
463 1076 545 1145 erqo
563 1066 765 1146 receperunt
783 1077 974 1123 sennonem
994 1055 1068 1124 eius
1093 1055 1264 1148 baptizoti
1281 1067 1363 1124 sunt
1380 1067 1414 1154 et
1428 1056 1606 1147 appositae

276 1177 358 1233 sunt
371 1162 410 1230 in
427 1161 484 1230 dic
500 1161 564 1231 illa
575 1161 716 1230 animae
728 1160 862 1231 circiter
877 1161 946 1229 tria
971 1160 1086 1229 millia
1091 1183 1108 1250 ;
1119 1161 1297 1253 appositae
1309 1163 1384 1232 scil.
1408 1161 1454 1231 ad
1473 1163 1606 1252 eosqui
1664 1230 1668 1239 ,

275 1270 348 1338 iam
361 1274 464 1337 antea
481 1268 518 1336 in
541 1268 713 1335 Christum
738 1267 944 1351 credebant,
972 1268 1023 1336 uti
1044 1266 1100 1335 illi
1126 1273 1268 1336 eentum
1292 1269 1417 1356 viginti
1441 1275 1520 1352 1,15
1545 1268 1603 1358 (cf.

277 1382 375 1460 5,1t;
398 1373 1197 1478 11,2t);'cozaluti·ti{)3Ex.1,5.Num.31,t6
1223 1378 1288 1442 etc.
1310 1379 1401 1443 Bene
1419 1376 1546 1443 dicitur
1568 1375 1606 1444 in

244 1516 250 1534 =
277 1487 343 1552 cat.
368 1505 378 1555 :
399 1487 483 1550 tune
501 1480 646 1571 impleta
666 1485 717 1551 est
741 1481 927 1571 prophetia
947 1481 1055 1548 lsaiae
1083 1501 1092 1549 ε
1113 1481 1190 1571 quis
1212 1479 1345 1549 audivit
1365 1502 1518 1572 unquam
1537 1482 1606 1549 tale

278 1595 340 1659 aut
358 1587 436 1678 quis
456 1586 543 1654 vidit
568 1585 653 1654 huic
676 1585 813 1652 similet
830 1585 1003 1674 numquid
1019 1587 1194 1676 ‘parturiet
1214 1588 1365 1656 terrain
1386 1588 1443 1656 die
1457 1609 1527 1657 una
1547 1592 1606 1655 aut

277 1695 434 1786 parietur
445 1713 529 1780 gens
540 1690 660 1775 simul,
682 1688 764 1781 quia
778 1689 964 1781 parturivit
976 1695 1011 1758 et
1024 1690 1162 1781 peperit
1170 1693 1254 1760 Sion
1267 1692 1356 1760 filios
1367 1716 1462 1776 suos,
1478 1694 1606 1762 laetare

279 1799 463 1869 Ierusalem
476 1802 510 1865 et
523 1797 688 1865 exsrrltate
706 1817 825 1865 omnes
839 1796 900 1887 qui
914 1795 1061 1884 diligitis
1075 1786 1163 1866 eam
1172 1797 1226 1887 (ls.
1241 1804 1334 1882 66,8.
1348 1799 1417 1890 10).
1434 1804 1607 1877 Quaerunt

277 1904 499 1999 potuerintne
513 1924 633 1972 omnes
643 1902 700 1971 isti
714 1923 754 1971 eo
765 1902 824 1971 die
836 1901 1031 1993 baptizarit
1044 1904 1146 1973 Varia
1156 1912 1302 1995 possunt
1312 1905 1509 1994 excogitari.
1528 1910 1607 1974 For·

278 2019 368 2080 tasse
392 2031 512 2078 omnes
533 2008 587 2077 iili
609 2014 749 2078 centum
776 2005 903 2097 viginti
920 2008 977 2076 vel
996 2010 1141 2101 plurimi
1162 2032 1204 2079 ex
1226 2010 1297 2080 illis
1316 2010 1620 2081 administrabant¹

277 2116 508 2209 baptismum3
531 2137 617 2183 num
640 2136 777 2184 necesse
797 2121 855 2184 -est
877 2119 917 2183 ut
939 2137 1059 2185 omnes
1091 2117 1216 2185 eodem
1238 2116 1296 2186 die
1321 2118 1391 2185 sint
1413 2119 1605 2209 baptizati?

277 2221 454 2316 quomodo
473 2219 766 2311 baptizabantur?
780 2219 1059 2312 probabilissime
1078 2245 1144 2314 per
1165 2223 1441 2307 immersionem
1458 2226 1519 2293 sed
1534 2225 1605 2293 iam

196 2416 200 2423 .
278 2326 467 2420 antiquitus
481 2327 802 2417 etiamaspersione
820 2326 878 2393 vel
891 2328 1005 2418 potius
1017 2327 1191 2398 infusione
1213 2351 1285 2398 csse
1309 2329 1538 2421 baptizatum,
1555 2331 1607 2399 di-

278 2436 402 2506 scimus
423 2457 465 2503 cx
482 2431 646 2501 Doctrina
667 2437 709 2498 12
733 2453 790 2522 ap.
808 2455 816 2498 ε
833 2442 940 2521 ἔκχεον
963 2437 1007 2516 εἷς
1025 2443 1080 2519 τὴν
1103 2443 1238 2523 κεφαλὴν
1259 2442 1324 2525 τρὶς
1345 2443 1423 2527 ὕδωρ
1448 2441 1490 2519 εἰς
1514 2445 1606 2522 {repr

277 2553 390 2633 πατρὶς
403 2546 469 2608 etc.
488 2540 579 2631 (cap.
596 2538 644 2627 7).

323 2654 362 2715 ln
376 2644 600 2736 sequentibus
613 2644 793 2713 exhibetur
804 2643 907 2713 nobis
919 2644 992 2714 vita
1004 2646 1200 2736 primorum
1216 2648 1497 2717 christifidelium
1512 2673 1544 2718 v.
1564 2658 1606 2718 tt

278 2766 377 2822 aaut
386 2762 503 2821 autem
509 2762 766 2847 perseuerantes
780 2750 819 2818 in
831 2751 989 2821 doctrice
998 2752 1235 2844 apostolorum
1250 2768 1284 2823 et
1294 2757 1606 2825 communicatione

275 2857 460 2950 fractionis
465 2854 575 2949 panis
593 2868 626 2925 el
638 2855 870 2944 orationibus,
882 2879 1007 2947 graece
1025 2865 1193 2949 quattuor
1203 2862 1426 2950 assignantur
1446 2862 1606 2932 :assidue

278 2961 489 3034 institutioni
500 2961 702 3032 assbtebant
724 2984 829 3053 quam
845 2961 991 3054 apostoli
1004 2964 1193 3035 tradebant
1212 2966 1313 3058 eique
1337 2990 1479 3059 operam
1503 2992 1607 3038 nava·

280 3073 366 3139 bant
378 3069 564 3154 intentam3
580 3067 658 3160 pari
670 3067 855 3157 diligentia
871 3068 1059 3139 studebant
1070 3089 1108 3162 cp
1123 3082 1261 3166 κοινωνίᾳ
1278 3074 1451 3143 fraternae
1463 3076 1555 3143 inter
1572 3097 1608 3143 se

279 3177 434 3246 societati
449 3173 1003 3266 (eoi.),car.vooeme1plicate
1018 3185 1220 3264 ὁμοθυμαδὸν,
1235 3182 1428 3248 animorum
1443 3181 1605 3249 unionem

279 3307 320 3353 ac
335 3281 608 3361 consensionem
623 3278 830 3372 proininter
842 3303 880 3349 se
892 3281 1068 3351 coniuncti
1083 3288 1118 3350 et
1129 3284 1381 3354 consuetudine
1395 3287 1556 3376 religiosa
1569 3310 1608 3355 ac

280 3388 446 3459 familiari
460 3386 550 3455 uniti
562 3385 632 3455 iam
644 3385 859 3478 incipiebant
869 3393 1007 3456 coetum
1022 3388 1236 3479 peculiarem
1255 3392 1301 3460 ah
1317 3392 1393 3461 aliis
1408 3393 1606 3463 distinctum

281 3496 476 3566 efformare.
496 3491 606 3560 Tertio
620 3492 755 3561 assidua
772 3491 897 3562 intenti
911 3499 1013 3562 erant
1029 3495 1352 3589 (προσκαρτερεῦντες)
1372 3518 1408 3589 τῇ
1432 3507 1537 3569 κλάσει
1555 3519 1607 3569 τεῦ

281 3612 390 3693 ἄρτον,
411 3596 573 3668 fractioni
586 3598 686 3689 panis
701 3598 726 3666 i.
739 3621 770 3667 e.
787 3599 1012 3668 celebrationi
1027 3601 1273 3687 eucharistiae,
1288 3606 1338 3673 uti
1348 3607 1480 3694 syriaca
1497 3607 1606 3674 versio

135 3748 143 3757 ·
280 3707 428 3798 simplex
443 3705 516 3774 iam
530 3705 686 3795 explicite
701 3705 810 3774 effert.
831 3707 990 3775 Refertur
1010 3707 1133 3777 fractio
1149 3709 1250 3801 panis
1272 3710 1316 3778 ad
1333 3734 1461 3802 panem
1482 3714 1607 3781 eucha-

282 3812 455 3896 risticum,
479 3812 529 3879 uti
552 3809 624 3879 iam
642 3810 716 3902 ipso
741 3815 900 3880 contextu
924 3811 1100 3899 suadetur,
1125 3837 1204 3885 cum
1229 3816 1417 3908 praecedat
1441 3820 1607 3888 institutio

282 3918 440 3989 salutaris
453 3918 719 4008 animorumque
734 3939 830 3988 sacra
841 3919 1020 3988 consensio
1041 3942 1132 4011 quae
1151 3944 1194 3991 ex
1208 3923 1284 4013 ipsa
1307 3924 1431 3994 Christi
1452 3927 1609 3996 doctriua

282 4025 443 4109 efficitur,
478 4029 513 4092 et
557 4023 785 4114 subsequatur
824 4025 985 4117 frequens
1018 4027 1259 4118 precationum
1299 4030 1465 4099 studium.
1501 4033 1608 4101 [lictio

282 4133 344 4200 illa
358 4153 398 4199 ex
409 4131 485 4222 ipsa
499 4128 711 4199 institutione
725 4131 951 4201 eucharistiae
962 4134 1131 4223 petitaest
1143 4134 1200 4225 (cf.
1213 4137 1329 4207 tlatth.
1348 4139 1483 4228 26,tb);
1501 4163 1608 4231 quaro

284 4237 457 4329 apostolus
473 4258 611 4326 quoque
632 4236 751 4305 scribit
781 4237 906 4327 :panis
926 4259 1032 4328 quem
1050 4239 1265 4329 frangimus,
1282 4266 1397 4312 nonne
1421 4247 1607 4339 participa·

285 4345 333 4413 tio
366 4341 522 4434 corporis
540 4341 663 4410 Christi
686 4347 737 4410 est
755 4341 788 4433 (1
814 4345 888 4412 Cor.
908 4346 1337 4437 1o,15)tnanum1dediti
1359 4360 1458 4422 erant
1473 4356 1607 4425 assidue

281 4464 555 4540 ταῐςπροσευχαῑς.
571 4451 671 4517 Notat
687 4448 778 4517 Beel.
791 4470 805 4515 .·
816 4477 832 4512 s
850 4470 929 4517 cum
947 4472 1029 4520 vero
1044 4466 1158 4523 certae
1171 4457 1343 4545 quaedam
1353 4482 1474 4552 preces
1490 4485 1608 4531 sacrae

286 4557 366 4647 (ταῖς
382 4586 437 4646 πρ.
452 4576 532 4624 cum
550 4553 707 4648 articulo)
718 4557 908 4645 iungantur
922 4555 1132 4630 institutioni
1147 4561 1184 4629 in
1199 4563 1356 4635 doctriua
1367 4589 1466 4638 sacra
1481 4577 1514 4639 et
1528 4592 1609 4662 par·

286 4661 479 4754 ticipationi
492 4662 647 4765 corporis
661 4661 808 4747 Domini,
825 4685 896 4733 non
915 4663 1061 4736 obscure
1076 4667 1135 4738 hic
1150 4668 1363 4742 delineatum
1382 4682 1432 4744 est
1449 4675 1609 4747 iucruon·
