4154 5452
224 353 284 412 174
797 370 865 417 aur.
888 354 972 427 aaa.

222 511 336 586 nocte,
365 502 557 594 periculum
582 503 740 595 exprimit
764 525 832 593 quo
858 498 1108 591 profectionem
1136 497 1208 565 eius
1231 501 1266 565 et
1287 497 1487 568 festinatam
1511 509 1545 570 et

222 607 394 677 occultam
417 633 488 679 esse
507 611 633 679 debere
656 608 913 676 existimabatur
932 616 965 670 et
988 602 1195 671 dimiserant
1217 606 1359 673 Tarsum
1379 632 1396 666 ιι
1421 606 1543 674 urbem

221 716 434 785 maritimam
456 717 501 785 ad
527 715 612 783 ostia
634 714 729 780 fluvii
752 711 858 799 Cydni
878 708 937 800 qui
953 732 1030 778 eam
1048 709 1202 779 mediam
1218 713 1372 797 secabat,
1394 712 1543 803 primam
1573 724 1580 734 '

221 822 373 907 Ciliciae,
394 822 491 890 Sauli
511 820 661 910 patriam
681 823 782 899 21,39
804 843 821 878 a
847 815 986 907 (Pata).
1006 821 1081 907 lpse
1094 820 1241 887 narrat:
1266 818 1391 886 deinde
1411 817 1492 887 veni
1507 817 1546 885 in

219 934 335 1018 partes
358 926 475 1015 Syriae
497 931 532 992 et
547 923 683 992 Ciliciae
704 922 790 1013 (Gal.-
814 922 923 1012 i‚a1);
941 924 1066 1015 quodsi
1084 924 1128 992 de
1142 923 1265 990 codem
1278 924 1404 991 itinere
1416 924 1545 1017 accipi-

220 1040 289 1115 tur,
315 1032 453 1099 ridetur
471 1030 594 1097 itinere
616 1030 766 1097 terrestri
786 1031 958 1120 proiectus
983 1052 1068 1098 esse.
1094 1035 1137 1096 At
1158 1028 1263 1121 verba
1285 1029 1348 1096 illa
1367 1031 1440 1098 Gal.
1464 1038 1542 1115 1,21

221 1141 328 1207 etiam
350 1136 452 1203 aliter
474 1135 609 1226 concipi
629 1142 771 1226 possunt
795 1137 851 1227 (ci.
877 1135 1023 1225 Cornely
1046 1134 1069 1202 l.
1096 1156 1126 1202 ο.
1150 1157 1186 1225 p.
1210 1139 1304 1225 tit).
1330 1138 1441 1213 Quare
1464 1157 1544 1203 eum

221 1243 345 1310 itinere
362 1241 567 1310 maritimoa
581 1245 743 1312 Caesarea
756 1248 896 1312 Tarsum
910 1240 1048 1331 petiisse
1062 1240 1246 1331 probabile
1260 1244 1322 1324 est,
1339 1264 1408 1332 quo
1419 1240 1543 1309 itinere

221 1348 347 1417 certius
365 1348 470 1417 etiam
491 1348 624 1417 insidiis
644 1349 921 1427 subtrahebatur,
946 1368 1052 1437 quam
1075 1347 1196 1415 itinere
1216 1348 1388 1433 terrestri,
1408 1353 1442 1416 et
1458 1345 1545 1415 illud

220 1454 287 1523 iter
307 1454 444 1523 videtur
463 1455 534 1523 iam
558 1453 794 1522 commendari
818 1455 891 1543 ipsa
911 1451 998 1520 urbe
1017 1456 1183 1521 Caesarea
1202 1455 1239 1521 in
1258 1475 1365 1544 quam
1382 1453 1542 1536 tendunt,

221 1568 260 1629 ut
282 1583 362 1630 eum
385 1559 598 1628 dimitterent
619 1564 776 1642 Tarsum;
797 1558 852 1625 vel
875 1558 905 1625 si
932 1559 1002 1626 Gal.
1032 1564 1109 1640 i,2i
1131 1559 1200 1627 huc
1219 1561 1347 1628 referre
1367 1561 1541 1644 malueris,

222 1667 278 1734 dic
301 1688 380 1734 eum
413 1689 434 1734 a
457 1670 621 1734 Caesarea
648 1665 729 1733 navi
750 1664 967 1733 Antiochiam
989 1664 1108 1752 Syriae
1133 1665 1326 1754 proiectum
1348 1687 1436 1749 esse,
1463 1663 1546 1732 inde

220 1772 427 1862 pedestrem.

255 1979 408 2034 Ornanda
426 1978 523 2030 aare
540 1978 590 2030 illa
608 1990 683 2043 quae
700 1979 731 2028 in
749 1990 776 2028 ν.
797 1977 882 2029 28-30
898 1977 1032 2029 dicuntur
1050 1989 1109 2029 non
1126 1987 1212 2042 posse
1230 1990 1294 2030 esse
1312 1977 1462 2039 historica,
1478 1979 1545 2042 quia

221 2069 329 2121 Paulas
339 2067 460 2120 affirmet
474 2067 537 2119 Gal.
556 2066 618 2130 132
637 2080 669 2119 se
682 2065 769 2118 tuisse
783 2067 910 2131 ignotum
931 2065 1003 2117 iaeie
1018 2064 1137 2117 ecclesiis
1154 2067 1271 2117 Ινάοεαε
1278 2081 1288 2129 ,·
1302 2067 1376 2119 bene
1393 2065 1550 2131 respondet

220 2169 286 2208 cum
302 2156 449 2208 catholicis
462 2154 505 2207 at.
522 2168 532 2206 .·
552 2172 564 2205 ε
580 2156 662 2220 quasi
678 2155 764 2206 verba
778 2168 812 2207 ea
828 2154 863 2206 de
877 2154 996 2206 ecclesia
1015 2167 1050 2207 ea
1068 2155 1190 2220 intelllgi
1203 2159 1321 2220 possent
1334 2168 1420 2220 quam
1442 2154 1547 2207 Saulus

221 2249 385 2309 persecutus
399 2247 461 2295 erat
476 2258 502 2295 ν.
514 2243 640 2296 Eandem
653 2244 840 2296 obtectionem
854 2243 883 2292 in
897 2244 1021 2294 medium
1034 2242 1143 2308 proiert
1161 2244 1259 2297 Weiss.
1277 2244 1297 2295 l.
1314 2257 1339 2296 c.
1355 2257 1384 2312 p.
1403 2243 1447 2306 86,
1464 2243 1547 2308 quasi

222 2333 359 2385 ecciesiae
373 2331 496 2384 Iudaeae
506 2330 543 2384 ad
558 2332 648 2384 solam
659 2332 805 2383 ecclesiam
819 2332 849 2381 in
864 2331 933 2382 urbe
946 2330 1127 2383 referrentur.

662 2543 691 2602 4.
703 2539 790 2601 Pers·
799 2539 909 2602 laboras
921 2542 1104 2615 atr-1225.

545 2716 571 2787 ο)
587 2720 758 2773 Peirasia
770 2719 889 2786 Lydda
903 2720 938 2771 et
951 2719 1053 2784 Ioppe
1067 2719 1221 2785 9,31-43.

255 2888 330 2947 9,3έ.
350 2888 476 2941 Ecclesia
498 2888 610 2954 quidem
629 2901 680 2952 per
698 2890 786 2940 totam
809 2888 856 2938 Iu·
917 2886 1012 2956 .9,31.
1039 2880 1073 2936 Ἦ
1103 2882 1147 2956 μὲν
1179 2877 1223 2938 οὖν
1250 2882 1371 2951 έκκλησέα
1397 2882 1459 2938 καθ’
1484 2883 1546 2952 δλης

218 2976 317 3029 (laeam
338 2982 367 3029 et
387 2977 545 3029 Galilaeam
569 2981 598 3029 et
624 2976 779 3029 Samariam
805 2976 856 3027 ha·
901 2975 945 3039 τῆς
966 2969 1086 3033 Ἰουδαίας
1109 2971 1152 3026 καὶ
1175 2971 1309 3035 Γαλιλαίας
1334 2972 1377 3026 acl
1405 2972 1547 3046 Σαμαρείας

197 3065 302 3126 ,bebai
315 3078 429 3130 paoem„
444 3068 473 3118 at
491 3064 693 3117 aedificabatur
710 3065 857 3116 ambulans
902 3057 971 3131 εἶχεν
990 3059 1101 3133 εἰρήνην.
1117 3059 1312 3133 οἰκοδομουμένη
1331 3061 1374 3115 καὶ
1391 3064 1545 3134 πορευομένη

218 3155 247 3205 ln
262 3156 362 3206 timore
376 3155 505 3218 Domini,
520 3155 549 3207 et
561 3153 755 3206 consolatione
767 3155 857 3205 sancii
900 3155 937 3222 τῷ
962 3148 1033 3222 peip
1061 3153 1107 3204 τοῦ
1134 3149 1238 3220 Κορέου,
1264 3148 1307 3202 καὶ
1333 3159 1364 3222 τη
1391 3150 1547 3222 ταραιλήοει

214 3243 342 3309 ‚Spiritus
355 3243 525 3308 replebatur.
901 3241 945 3291 τοῦ
968 3235 1049 3307 lirion
1067 3237 1212 3310 Ηνεέματος
1230 3236 1392 3306 έπληθόνετο.

254 3332 298 3383 32.
320 3331 436 3383 Factum
450 3335 601 3384 estensem
615 3336 647 3381 ut
661 3330 774 3393 Petrus,
790 3329 856 3381 dum
938 3329 982 3382 tl.
1025 3325 1145 3398 Ἐγένετο
1186 3326 1213 3381 a
1250 3325 1345 3399 Πέτρον
1381 3328 1546 3399 διερχόμενον

218 3421 402 3485 pertransiret
412 3421 571 3482 universos,
582 3419 725 3471 deveniret
734 3419 771 3470 ad
778 3431 856 3469 sanc·
901 3413 941 3466 erl
964 3415 1075 3482 ταντων,
1095 3414 1226 3469 κατελθεῖν
1248 3415 1290 3468 καὶ
1313 3415 1371 3488 τρδς
1387 3417 1445 3480 τοδς
1463 3416 1546 3491 δγέους

220 3515 263 3560 tos
287 3509 335 3574 qul
355 3508 520 3559 habitabant
538 3507 664 3572 Lyddae.
683 3507 727 3558 33.
748 3507 857 3558 invenit
901 3503 958 3566 τοῦς
992 3507 1168 3567 κατοικοῦντας
1204 3504 1298 3559 Λύδδα.
1332 3507 1377 3559 33.
1412 3499 1482 3577 εὗρεν
1519 3504 1547 3559 δέ

218 3600 312 3648 autem
334 3597 372 3647 rm
396 3597 539 3649 hominem
562 3595 725 3674 quemdam,
744 3596 856 3647 nomine
904 3591 957 3645 ἐκεῖ
991 3592 1122 3663 ἄνθρωπόν
1157 3611 1214 3646 τινα
1245 3592 1352 3664 ὀνόματι
1384 3591 1488 3664 Αἰνέαν,
1521 3592 1546 3656 ii

219 3687 360 3748 Aeneam,
390 3684 426 3736 ab
451 3686 535 3736 annis
567 3687 629 3736 ceto
658 3686 795 3737 iacentem
827 3685 857 3734 in
901 3679 963 3734 έτῶν
998 3679 1065 3734 ὀκτὼ
1100 3682 1277 3753 κατακαίριον
1314 3680 1356 3736 let
1391 3682 1544 3754 ιραοάτιον,

217 3774 351 3839 grabato,
367 3774 415 3839 qui
436 3778 497 3825 erat
515 3773 693 3838 paralyticus.
710 3772 753 3823 al.
769 3772 804 3824 Et
818 3775 857 3824 ait
900 3770 927 3832 ὃς
948 3764 979 3836 ἦν
1007 3769 1223 3842 παραλελυμένος,
1244 3773 1289 3825 34.
1314 3770 1357 3824 καὶ
1379 3768 1452 3825 εἶπεν
1475 3770 1546 3844 alab

217 3861 259 3914 illi
279 3863 381 3915 Petrus
405 3874 413 3912 :
436 3862 547 3925 Aenea,
572 3862 653 3913 sanat
672 3864 701 3914 te
721 3862 856 3927 Dominus
900 3857 915 3910 δ
950 3857 1055 3930 Πέτρος,
1089 3857 1181 3924 Αἰνέα,
1217 3856 1285 3912 ἰᾶταί
1321 3877 1348 3912 σε
1381 3859 1477 3928 Ἰησοῦς
1509 3860 1543 3932 (t)

217 3952 297 4005 lesus
322 3950 481 4004 Christus:
502 3962 602 4016 surge,
624 3955 653 4002 et
676 3955 770 4002 aterne
794 3951 854 4000 tibi.
901 3945 1013 4018 Χριστός·
1051 3945 1172 4015 ἀνάστηθι
1208 3947 1251 4002 καὶ
1287 3952 1397 4019 στρῶσον
1434 3954 1544 4022 σεαυτῷ.

217 4041 252 4093 m
275 4042 410 4092 continuo
436 4040 568 4091 samarii.
598 4038 642 4090 35.
666 4038 702 4091 Et
729 4038 857 4091 viderunt
901 4035 942 4088 καὶ
971 4034 1058 4099 etita<
1090 4034 1190 4104 ἀνέστη·
1226 4041 1270 4092 35.
1295 4037 1338 4090 καὶ
1366 4034 1439 4091 εἶδαν
1470 4036 1546 4092 aazia

216 4143 281 4183 eum
310 4140 410 4181 omnes
437 4129 487 4193 qui
506 4127 671 4179 habitabant
693 4127 806 4191 ercee
828 4133 857 4179 ct
901 4126 989 4188 πάντες
1029 4124 1053 4179 el
1089 4129 1261 4188 κατοικοῦντες
1296 4125 1379 4179 Λύδδα
1418 4126 1462 4180 καὶ
1501 4127 1546 4182 τδν

219 4218 359 4279 Saronae;
386 4217 436 4283 qui
461 4217 591 4270 conversi
613 4221 680 4267 sunt
702 4216 737 4267 ad
760 4217 856 4269 Domi·
902 4213 1019 4285 Σάρωνα,
1048 4215 1139 4278 οἵτινες
1168 4213 1317 4286 interpetati
1349 4212 1390 4269 iet
1421 4214 1466 4269 τδν
1494 4215 1545 4268 liri-

218 4321 299 4361 num.
835 4340 837 4345 »
903 4322 966 4374 ριον.

255 4396 300 4448 36.
321 4396 355 4447 lu
368 4395 457 4462 Ioppe
476 4399 571 4447 autem
593 4391 646 4445 luit
662 4394 800 4461 qmedem
814 4394 857 4445 di·
939 4394 983 4446 36.
1017 4391 1061 4444 Ἐν
1092 4390 1180 4465 Ἰόππη
1216 4392 1243 4444 δέ
1280 4410 1316 4455 τις
1352 4386 1384 4458 ἦν
1422 4391 1546 4464 μαθήτρια

219 4485 343 4553 scipula,
356 4485 470 4536 nomine
485 4483 619 4546 Tabltha‚
635 4495 707 4547 quae
721 4485 857 4549 interpre·
902 4479 1007 4551 ὀνόματι
1040 4479 1161 4546 reterre,
1195 4480 1211 4547 ἢ
1249 4481 1463 4553 διερμηνευομένη
1499 4480 1544 4537 λέ-

220 4577 278 4625 tata
305 4573 408 4624 dicitur
431 4573 548 4624 Dorcas.
578 4570 655 4623 Haeo
685 4578 744 4623 erat
775 4570 859 4636 plena
903 4588 975 4639 γεται
992 4570 1096 4643 Δορκάς·
1115 4568 1177 4637 αὕτη
1204 4563 1235 4637 ην
1260 4568 1357 4642 πλήρης
1379 4568 1461 4643 iprae
1480 4568 1545 4641 ἁγα-

220 4662 354 4727 operlhua
373 4661 471 4725 bonis,
488 4664 517 4713 et
530 4660 715 4725 eleemosynis
732 4673 802 4727 quas
820 4659 858 4712 ia·
905 4658 954 4712 aar
984 4661 1024 4713 καὶ
1049 4658 1223 4731 έλεημοουνῶν
1246 4654 1283 4712 ὧν
1311 4658 1398 4713 ἐποίει·
1424 4662 1467 4714 37.
1489 4657 1547 4729 tyt-

219 4749 520 4804 mecetranorum
538 4751 695 4804 astantem
714 4751 743 4802 ln
761 4749 859 4804 diebus
907 4766 967 4802 νετο
995 4747 1023 4802 δέ
1049 4746 1075 4802 έν
1103 4750 1159 4811 ταῖς
1183 4747 1286 4821 ἡμέραις
1310 4745 1414 4811 έκεέναις
1441 4745 1546 4814 Meid-
