4092 5490
212 239 273 302 sto
436 284 445 296 ι
746 261 813 306 scr.
837 245 995 316 lass-51.

213 390 380 453 decretum
394 391 579 455 absolutum
593 378 650 455 bei
665 394 745 455 alios
759 393 917 463 salvandi,
934 389 1108 451 damnandi
1123 390 1217 452 alios.
1231 390 1330 460 Quam
1349 392 1539 469 explicatio·

182 486 189 496 '
213 504 287 548 nem
305 493 343 549 nt
358 491 577 569 protestantes
596 490 782 559 refutarent,
807 488 861 547 alii
884 487 1018 546 verbum
1038 492 1235 563 acceperunt
1256 501 1356 546 sensu
1374 487 1506 547 mediati
1528 505 1537 546 :

212 588 372 665 quotquot
387 604 458 649 sese
477 588 706 648 ordinaverunt
722 584 762 643 ad
782 583 881 642 vitam
900 586 1079 655 aeternam,
1096 581 1150 642 alii
1165 570 1300 644 notione
1316 582 1452 643 militari
1466 584 1535 659 (qui

212 681 340 746 ordines
354 685 497 763 seruant)
520 700 527 743 :
548 682 602 760 qui
622 680 662 741 de
682 678 809 757 agmine
827 682 861 738 el
878 677 978 740 classe
999 685 1090 740 erant
1110 680 1315 758 sperantium
1331 680 1384 741 vel
1406 684 1541 741 conten·

213 778 362 843 dentium
376 779 417 841 ad
432 779 531 839 vium
547 782 726 845 aeternam,
741 773 794 835 alii
812 792 820 835 ε
837 774 1012 837 credebant
1029 777 1062 837 in
1080 777 1193 850 vitam,
1206 781 1369 855 quotquot
1387 776 1541 839 destinati

213 882 317 951 erant,
331 877 380 938 vel
400 876 560 954 quotquot
579 871 762 952 congregati
782 876 887 945 erant,
904 873 955 934 vel
974 878 1135 951 quotquot
1152 879 1294 950 tempus
1304 875 1542 935 constituerant

212 972 263 1052 (cl.
297 968 432 1049 Wendq.
459 968 608 1030 Ceterum
634 968 736 1031 varias
761 969 939 1031 sententias
957 969 1053 1029 etiam
1080 964 1180 1030 Colm.
1206 972 1364 1030 recenset.
1392 968 1542 1031 Pluribus

217 1067 372 1145 exemplis
386 1065 528 1128 ostendit
551 1064 763 1129 Wetst.-adb.
776 1066 798 1127 l.
815 1064 899 1143 apud
918 1063 1071 1126 rabbinos
1088 1065 1166 1126 satis
1186 1065 1338 1127 usitatam
1357 1082 1428 1127 esse
1448 1065 1540 1126 locu·

214 1163 336 1225 tionem
359 1180 366 1223 :
383 1162 521 1225 ordinati
535 1164 574 1226 ad
588 1164 685 1225 vitam
698 1162 816 1225 saeculi
831 1160 939 1233 iuturi,
954 1161 993 1223 ad
1007 1161 1200 1240 gebennam.

256 1340 480 1432 Evangelium
503 1340 620 1429 itaque
644 1339 736 1406 inter
755 1337 902 1426 gentiles
923 1337 1185 1430 propagabatur
1205 1362 1239 1408 v.
1266 1345 1309 1406 ta
1335 1340 1539 1408 dissentian-

215 1444 315 1515 batur
331 1458 447 1514 autem
458 1447 598 1512 verbum
613 1444 755 1512 Domini
763 1467 830 1535 per
843 1444 1035 1512 universum
1047 1445 1244 1535 repioneng
1259 1454 1410 1533 διεφέρετο
1426 1445 1540 1512 divul-

213 1554 374 1641 gabatur,
390 1571 453 1641 per
470 1548 643 1617 Pisidiam.
667 1554 738 1628 Quo
757 1572 912 1618 successu
925 1550 1058 1618 invidia
1071 1557 1106 1618 et
1118 1550 1317 1637 indignatio
1332 1550 1540 1619 ludaeorum

213 1656 389 1740 excitatur,
407 1655 466 1744 qui
480 1654 677 1745 exemplum
691 1655 995 1746 palaestinensium
1009 1656 1118 1724 secuti
1132 1657 1286 1724 evadunt
1302 1663 1542 1746 persecutores

213 1762 363 1844 llessiae3
395 1783 428 1829 v.
457 1768 499 1830 50
524 1759 649 1829 Iudaei
673 1774 789 1829 autem
815 1762 1072 1849 concitauerunt
1097 1762 1258 1830 mulieres
1285 1762 1361 1851 (gig
1389 1761 1539 1852 aliquas)

214 1865 392 1957 relipiosas
413 1878 446 1935 et
465 1866 623 1935 honestos
642 1888 731 1957 quae
753 1872 852 1935 erant
871 1868 1065 1957 proselytae
1085 1873 1120 1936 et
1145 1867 1280 1936 nobiles
1301 1867 1538 1957 (eboptpovaeb

215 1971 379 2041 mulieres
400 1971 529 2064 ubique
549 1973 748 2063 frequentes
770 1995 806 2040 se
827 1972 934 2041 cultui
957 1972 1095 2042 iudaico
1116 1972 1346 2054 addicebant;
1371 1976 1420 2040 ita
1435 1973 1479 2039 de
1494 1973 1541 2040 ci·

212 2076 313 2147 vibus
338 2077 551 2147 damascenis
574 2076 694 2145 scribit
712 2077 874 2168 Iosephus
896 2078 968 2146 iere
991 2100 1112 2146 omnes
1134 2100 1254 2146 eorum
1280 2101 1404 2146 uxores
1422 2080 1542 2169 paucis

213 2182 363 2273 exceptis
383 2205 456 2252 esse
480 2178 656 2272 ὑπηγμένας
676 2201 714 2274 τῇ
738 2186 869 2274 betatap
892 2193 1033 2275 θρησκείᾳ
1054 2184 1152 2269 (Bell.
1175 2183 1249 2252 iud.
1274 2189 1406 2270 2302)
1425 2197 1458 2252 et
1478 2206 1542 2275 per

211 2287 371 2358 mulieres
395 2287 611 2377 instigandos
630 2288 809 2357 curabant
817 2290 950 2380 primos
973 2289 1144 2375 civitot2s;
1167 2290 1332 2358 mulieres
1351 2292 1445 2357 enim
1464 2290 1540 2380 ple·

212 2415 360 2484 rumque
387 2399 562 2485 susceptae
589 2394 793 2484 professioni
823 2395 977 2462 insistere
1002 2395 1228 2484 pertinacius,
1256 2396 1537 2485 superstitiosius,

213 2499 391 2568 ardentius
414 2499 541 2584 solent,
571 2499 753 2592 minusque
777 2521 881 2589 quam
904 2500 985 2583 viri,
1006 2499 1069 2568 ubi
1085 2500 1128 2568 de
1146 2501 1318 2588 religione
1334 2504 1460 2589 agitur,
1476 2502 1539 2569 ad-

212 2604 332 2673 ductas
355 2604 391 2673 in
416 2606 627 2674 contrarium
642 2607 791 2675 rationes
806 2605 991 2674 admittunt
1008 2606 1168 2696 (Golm.);
1186 2613 1268 2675 sunt
1280 2608 1426 2698 insuper
1439 2607 1540 2675 blan·

214 2708 394 2801 diloquae,
419 2711 626 2801 pertinaces;
650 2733 758 2800 quare
783 2731 911 2797 magna
933 2714 1058 2780 astutia
1076 2712 1195 2781 ludaei
1221 2736 1342 2781 earnm
1374 2735 1480 2803 opera
1507 2718 1542 2779 et

213 2815 327 2884 studio
346 2815 532 2885 utebantur
552 2837 630 2885 cum
652 2837 805 2885 successu
827 2839 931 2906 quem
954 2818 1133 2899 volebant,
1156 2831 1190 2886 et
1210 2820 1449 2886 excitaverunt
1464 2841 1541 2909 pcr-

213 2921 423 2990 secutionem
445 2921 484 2989 in
504 2921 653 2991 Pastum
673 2934 707 2990 et
728 2925 923 2991 Barnaeum
943 2937 979 3016 et
992 2924 1165 2992 eiecerunt
1179 2947 1236 2992 eos
1253 2924 1295 2991 de
1304 2925 1436 3014 finibus
1449 2925 1541 3009 suia·

213 3028 364 3119 primam
384 3028 452 3096 iam
476 3027 649 3118 experitur
668 3028 794 3097 Paulus
813 3029 1086 3119 persecutionem
1108 3053 1127 3097 a
1151 3030 1285 3098 ludaeis
1304 3038 1451 3113 motan1;
1467 3053 1540 3098 me·

215 3132 281 3202 rito
300 3133 344 3202 de
366 3132 409 3201 iis
430 3132 578 3202 scribit:
599 3155 663 3201 nos
684 3134 857 3224 persecuti
872 3141 968 3218 sunt,
995 3139 1062 3203 [leo
1075 3157 1148 3203 non
1160 3134 1315 3226 placent,
1332 3142 1366 3203 et
1378 3136 1540 3203 omnibus

213 3239 411 3307 bominibus
432 3239 656 3308 adversentur
679 3239 901 3331 prohibentes
926 3263 987 3308 nos
1007 3242 1171 3327 gentibus
1190 3242 1288 3330 loqui
1312 3244 1344 3329 (1
1367 3243 1482 3309 Thess.
1505 3249 1537 3324 Ξ,

122 3340 126 3350 ’
214 3345 365 3433 1516).
393 3349 517 3413 Verum
541 3344 674 3437 expulsi
702 3345 901 3414 mandatum
923 3348 1057 3413 Domini
1086 3347 1270 3414 observant
1292 3369 1325 3413 v.
1355 3354 1396 3414 51
1426 3361 1463 3414 ot
1486 3346 1541 3413 itt·

214 3472 354 3519 excusso
374 3449 515 3541 pulvere
544 3451 672 3543 pedum
700 3452 738 3520 in
757 3474 827 3539 eos,
858 3451 937 3520 vide
961 3451 1004 3520 ad
1030 3454 1144 3520 llatth.
1180 3460 1292 3536 10‚1t.
1316 3457 1417 3520 llarc.
1445 3461 1536 3536 6,11.

213 3561 293 3625 Luc.
329 3562 404 3638 9,5;
438 3586 454 3619 a
483 3558 549 3626 hoc
577 3557 731 3626 terribile
760 3557 849 3626 illud
868 3557 1038 3639 fecerunt,
1063 3558 1157 3646 quod
1178 3558 1324 3625 iusserat
1344 3559 1497 3626 Christus
1522 3588 1538 3621 »

83 3686 88 3696 ·
214 3661 343 3752 (cta),
369 3675 534 3730 venerunt
557 3663 728 3745 Iconium,
758 3662 797 3730 in
818 3662 1002 3750 Lycaonia,
1029 3662 1135 3730 hodic
1157 3664 1267 3731 llonia
1282 3671 1444 3748 vocatum
1466 3672 1541 3733 erat

213 3774 315 3837 antea
335 3766 534 3858 provinciae
555 3767 727 3857 Phrygiae
751 3765 849 3850 urbs,
874 3773 962 3850 πόλις
987 3775 1098 3857 ἐσχάτη
1125 3788 1180 3855 τῆς
1203 3774 1342 3858 Φρυγίας
1367 3771 1538 3861 (Xenoph.

215 3873 326 3942 anab.
350 3879 480 3958 1,2,19;
508 3871 598 3941 Beel.
621 3872 708 3964 Bl.);
734 3871 902 3964 oppidum
918 3876 1539 3966 ssitpnsvvocatstrabo(12,b,1al,

214 4002 251 4069 p.
276 3985 341 4047 568
364 3977 417 4045 vel
440 3980 533 4064 853),
556 3979 644 4048 bene
663 3978 857 4048 habitatum
875 3984 909 4047 et
922 3981 959 4048 in
974 3983 1116 4068 regione
1130 3981 1302 4051 fertiliore
1319 3982 1396 4050 aliis
1411 3989 1541 4071 Lycao·

216 4085 295 4152 niae
311 4083 467 4173 partibus
486 4084 601 4153 situm.
628 4090 792 4176 Tempore
816 4086 917 4154 Plinii
935 4094 1039 4178 caput
1054 4094 1127 4156 erat
1141 4091 1349 4158 tetrarchiae
1362 4089 1541 4158 civitatum

216 4188 507 4282 quattuordecim
532 4189 668 4257 «datur
684 4191 916 4259 ettetrarcbio
934 4214 973 4260 ex
994 4195 1173 4281 Lycaonia,
1191 4218 1261 4287 qua
1275 4202 1373 4286 parte
1390 4197 1540 4264 Galatiae

215 4294 429 4367 contermina
446 4302 496 4364 est
513 4294 703 4364 civitatium
724 4302 776 4379 1t,
794 4297 881 4366 urhe
899 4298 1123 4369 celeberrima
1136 4304 1250 4369 leonio
1267 4329 1284 4364 »
1308 4303 1356 4391 (n.
1375 4303 1409 4370 h.
1429 4303 1537 4391 535).

260 4408 332 4481 Qua
353 4406 469 4471 tamen
498 4403 734 4494 persecutione
757 4403 1020 4473 neo-christiani
1053 4407 1196 4475 minime
1227 4408 1363 4475 animos
1389 4408 1538 4500 despon-

46 4536 50 4543 ’
111 4602 119 4611 .
216 4508 357 4593 derunt;
389 4530 507 4578 verum
527 4509 637 4601 probe
660 4507 772 4576 edocti
794 4508 838 4578 de
864 4510 906 4578 iis
928 4533 1015 4602 quae
1042 4514 1196 4581 Christus
1222 4514 1291 4580 suis
1316 4515 1538 4604 praedixerat

215 4636 346 4707 suoque
373 4617 527 4707 exemplo
554 4613 764 4702 ostenderat,
782 4614 821 4684 in
835 4617 918 4707 ipsis
928 4618 1225 4708 persecutionibus
1244 4620 1364 4690 vident
1381 4622 1539 4691 exhiberi
