4010 5474
132 344 136 349 ·
230 322 292 383 aas
688 282 690 287 ¹
767 341 833 387 nr.
858 323 1011 395 ruso-n.

231 492 264 537 v.
284 475 325 536 10
336 466 468 556 fratres
482 493 561 538 vero
577 472 761 561 confestim
779 483 987 562 pernoctem
1006 467 1215 538 dimiserant
1231 462 1379 534 Paulum
1397 477 1431 532 et
1443 466 1555 535 Silam

232 573 271 641 in
294 577 481 659 Beroeam‚·
501 576 623 645 urbem
647 577 880 662 Macedoniae,
895 577 941 645 ad
964 576 1175 644 occidentem
1198 593 1316 641 versus
1337 592 1358 639 a
1379 570 1557 639 Thessalo-

231 680 326 766 nica,
347 684 392 751 ad
411 684 545 751 radices
564 683 692 750 montis
706 683 831 750 Bermii
852 703 959 771 prope
978 682 1124 762 Pellam3
1140 681 1204 771 qui
1222 700 1301 747 cam
1314 676 1501 761 emissent,
1517 677 1556 743 in

229 811 450 880 synagogam
463 786 672 855 Indaeorum
687 782 903 870 introierant,
914 807 978 876 pro
990 807 1104 867 more3
1122 785 1257 852 ludaeis
1272 786 1364 853 euim
1377 807 1418 854 ex
1432 781 1556 851 Christi

232 895 396 963 mandato
416 892 514 983 prius
535 896 609 958 erat
622 891 767 957 nuntius
777 889 964 958 messianus
982 889 1204 968 deferendum
1220 890 1257 955 in
1276 912 1456 979 synagoga
1471 889 1556 958 ade-

231 1007 310 1067 rant
328 996 511 1088 proselyti3
528 995 580 1062 ibi
595 1015 679 1081 ergo
695 995 722 1062 ii
742 1001 877 1086 praesto
900 1000 999 1063 erant
1017 994 1079 1086 qui
1098 995 1168 1062 iam
1187 994 1335 1062 maxime
1355 994 1558 1086 praeparati

231 1109 330 1172 erent
346 1102 391 1169 ad
406 1102 579 1189 evangelii
593 1101 841 1192 susceptionem
861 1109 896 1170 et
913 1124 975 1193 per
992 1124 1078 1193 quos
1097 1122 1173 1191 spes
1194 1098 1315 1168 aderat
1328 1100 1422 1182 iore,
1440 1105 1478 1165 ut
1496 1099 1557 1167 alii

230 1229 369 1300 quoque
393 1206 439 1274 ad
461 1207 683 1297 evangelium
705 1207 917 1277 audiendum
941 1208 1205 1287 adducerentur.
1228 1211 1317 1274 Haec
1344 1211 1417 1274 erat
1442 1203 1499 1272 via
1524 1211 1558 1272 et

120 1404 124 1411 ¹
231 1312 319 1382 ratio
337 1313 517 1403 aptissima
532 1337 597 1407 pro
616 1302 866 1406 propagatione
887 1313 1069 1403 evangelii.
1089 1318 1129 1381 Et
1147 1312 1481 1403 imprudentissimos
1502 1331 1557 1378 re·

231 1442 379 1511 rumque
398 1422 500 1512 plane
521 1421 576 1488 vel
595 1419 739 1507 ignaros
749 1420 805 1487 vel
822 1420 1039 1508 negligentes
1057 1440 1092 1487 se
1106 1417 1273 1510 praebent
1285 1418 1338 1486 illi
1353 1418 1414 1509 qui
1433 1416 1557 1485 volunt

231 1521 378 1596 Piulum
397 1548 467 1593 non
482 1547 504 1592 a
518 1525 707 1612 synagogis
719 1524 901 1615 incepisse,
918 1526 977 1592 sed
991 1524 1105 1592 stetim
1119 1523 1253 1592 reiectis
1266 1524 1456 1612 synagogis
1470 1544 1556 1610 gen-

229 1635 307 1702 tiles
319 1654 391 1700 esse
405 1631 608 1699 allocutum.
626 1630 722 1709 Quod
737 1632 788 1699 uti
806 1631 925 1699 fuisset
938 1635 1059 1699 contra
1075 1651 1194 1698 sanam
1216 1627 1344 1716 agendi
1365 1628 1553 1708 rationem,

229 1739 280 1806 ita
296 1744 348 1804 est
362 1742 484 1804 contra
499 1758 616 1804 rerum
633 1741 807 1825 gestarum
821 1737 938 1806 fidem.
957 1737 1021 1806 Sed
1036 1763 1053 1799 u
1067 1735 1207 1804 criticae
1221 1734 1415 1804 sublimiori
1439 1761 1455 1793 n
1479 1732 1556 1802 lieet

230 1850 352 1912 contra
367 1851 553 1934 utrumqne
566 1843 772 1934 impingere.
788 1848 897 1934 Saepe
916 1843 1099 1912 traducunt
1113 1841 1170 1910 isti
1185 1869 1203 1904 u
1219 1841 1328 1910 critici
1344 1868 1360 1901 a
1378 1845 1556 1909 auctorem

230 1954 386 2017 nostrum
408 1956 588 2038 tamquam
609 1949 874 2033 antiiudaicum3
896 1948 956 2017 sed
977 1948 1139 2016 audiatur
1164 1946 1337 2039 womodo
1361 1945 1481 2015 laudet
1500 1950 1557 2012 lu·

231 2055 335 2123 daeos
349 2054 378 2121 si
396 2053 480 2144 quid
500 2076 622 2123 revera
641 2056 677 2123 in
700 2055 744 2124 iis
761 2055 863 2124 laude
876 2054 1023 2143 dignum
1046 2053 1216 2122 invenerit
1239 2075 1298 2123 tr.
1318 2059 1356 2120 11
1381 2051 1420 2119 lsi
1440 2063 1557 2120 autem

231 2172 332 2228 erant
350 2159 536 2229 nobiliores
557 2182 674 2229 eornm
698 2161 724 2230 i.
744 2183 775 2229 e.
799 2161 841 2229 iis
862 2160 924 2251 qai
942 2172 1023 2230 sunt
1043 2158 1318 2242 Thessalonicae,
1339 2164 1555 2248 εὐγενέστεροι,

232 2275 445 2354 ἐπιεικέστεροι
466 2265 562 2355 (Olor.
591 2269 670 2337 Oee.
697 2266 854 2358 Tlreople.)
876 2266 999 2334 animis
1018 2265 1222 2350 nobiliores,
1249 2266 1360 2353 magis
1382 2263 1553 2352 generosi,

231 2371 464 2452 liberaliorem
490 2371 672 2441 meliorem
696 2373 786 2441 banc
807 2373 958 2441 indolem
980 2372 1189 2442 exhibebant
1214 2394 1222 2440 :
1246 2370 1310 2462 qui
1332 2380 1557 2460 aeceperunt

232 2480 372 2546 corbeon
397 2499 475 2545 cum
495 2477 592 2545 corni
608 2476 775 2546 auiditate
797 2483 903 2560 οἵτινες
923 2478 1051 2569 quippe
1069 2476 1131 2568 qui
1149 2498 1229 2545 cum
1246 2475 1341 2544 omni
1358 2476 1555 2543 animorum

232 2583 509 2676 promptitudine
523 2588 558 2651 et
573 2583 742 2653 desiderio
758 2582 1049 2674 praedicationem
1062 2581 1248 2651 audierunt
1261 2581 1484 2672 auditamque
1499 2603 1556 2649 ex·

232 2690 431 2780 penderant
446 2697 481 2757 et
497 2691 752 2774 examinarunt,
773 2688 928 2781 quotidie
940 2701 1132 2758 scrutantes
1143 2688 1346 2779 scripturas,
1363 2686 1395 2755 si
1409 2686 1492 2755 lrace
1506 2687 1556 2755 ita

231 2817 267 2863 se
294 2794 477 2875 haberent,
500 2796 734 2864 examinantes
757 2795 944 2880 scil.,loeos
966 2795 1110 2864 aPaulo
1132 2794 1270 2880 allatos,
1295 2799 1432 2863 rectene
1453 2814 1494 2861 ex
1515 2792 1557 2860 iis

231 2907 439 2988 argumenta
462 2899 599 2969 duxerit
621 2900 696 2969 scil.
716 2900 865 2969 bessiam
892 2890 1047 2970 debuisse
1068 2901 1157 2992 pati,
1175 2921 1356 2989 resurgere
1379 2905 1444 2969 etc.
1466 2905 1556 2967 Bene

231 3012 329 3074 notat
344 3009 428 3096 Lap.
451 3028 465 3073 .·
486 3033 504 3067 «
524 3004 703 3076 nonenim
724 3004 928 3075 tenebantur
942 3006 1098 3091 credere,
1118 3006 1190 3075 imo
1208 3005 1401 3097 prudenter
1414 3004 1555 3074 credere

232 3133 303 3178 non
318 3118 477 3202 poteraut
493 3111 601 3181 initiis
615 3111 785 3200 evangelii
801 3117 837 3181 et
849 3112 953 3180 Paulo
973 3134 1061 3180 novo
1071 3111 1319 3204 praedicatori,
1332 3112 1401 3180 nisi
1420 3133 1457 3179 re
1474 3133 1555 3180 exa·

234 3217 364 3284 minata
386 3218 632 3307 comperissent
649 3217 740 3287 hauc
760 3217 1047 3308 praedicationem
1068 3238 1141 3286 esse
1161 3238 1345 3287 consonam
1368 3216 1475 3285 verbo
1496 3215 1555 3284 [tei

233 3328 267 3389 et
292 3322 440 3390 oraculis
467 3322 715 3413 prophetarum
747 3350 779 3390 a.
799 3327 990 3414 Antequam
1018 3322 1214 3408 crederent,
1237 3322 1433 3391 doctrinam
1458 3320 1555 3391 Pauli

233 3429 477 3496 examinarunt
510 3427 702 3498 secundum
734 3449 893 3497 normam
926 3429 1171 3519 scripturarum
1204 3428 1261 3519 (ct.
1294 3427 1447 3499 Cassiod.
1476 3427 1552 3497 Gai.

234 3535 337 3603 Dion.
358 3535 468 3604 Calrre.
486 3534 578 3603 Brel.
595 3538 691 3604 Patr.
711 3534 829 3632 Felt.);
855 3533 1078 3622 distinguitur
1098 3534 1191 3604 enim
1213 3534 1385 3625 suscipere
1408 3533 1554 3601 verbum

234 3649 268 3710 ct
283 3641 435 3710 credere.

278 3751 404 3815 Onanes
424 3745 568 3836 quidem
590 3745 652 3836 qui
670 3745 853 3814 audierunt
870 3745 1014 3813 Paulum
1036 3744 1294 3835 praedicantem
1312 3744 1554 3814 examinarunt

233 3853 326 3919 locos
346 3852 553 3940 scripturam
575 3857 611 3920 at
630 3874 699 3920 non
717 3872 836 3919 omnes
852 3872 972 3920 revera
992 3850 1097 3918 fidem
1116 3850 1267 3942 amplexi
1284 3856 1376 3919 sunt.
1393 3854 1554 3919 Fructum

232 3957 502 4048 praedicationis
523 3964 557 4026 et
578 3955 744 4026 examinis
763 3956 910 4026 instituti
932 3960 1070 4026 enarrat
1094 3960 1198 4026 Lucas
1220 3956 1259 4025 in
1283 3980 1316 4026 v.
1332 3963 1374 4025 12
1395 3970 1430 4026 et
1450 3955 1556 4025 rreulti

230 4061 371 4154 periclem
387 4061 607 4131 aediderunt
620 4086 664 4132 ee
676 4063 741 4150 eis,
758 4065 811 4132 vel
829 4070 869 4133 ut
883 4063 992 4132 altera
1005 4063 1106 4133 lectio
1121 4062 1228 4131 habet
1250 4085 1259 4133 :
1278 4069 1313 4132 et
1330 4064 1390 4132 alii
1412 4062 1554 4154 quidem

232 4190 352 4237 eorum
373 4168 578 4255 credebant,
593 4168 652 4237 alii
674 4175 789 4239 auam
807 4193 877 4239 non
898 4168 1102 4253 eredebant3
1124 4169 1185 4238 sed
1203 4169 1336 4237 fructus
1354 4170 1555 4259 praeclarus

231 4298 370 4365 ‹puoque
385 4274 510 4343 exstitit
517 4297 558 4342 ex
566 4281 664 4365 parte
673 4275 855 4363 gentilium
871 4299 879 4347 :
896 4288 929 4344 et
942 4275 1126 4343 martiorum
1135 4273 1321 4364 gentilium
1334 4274 1553 4342 honestarum

232 4394 266 4449 et
289 4383 359 4449 viri
379 4404 450 4450 non
463 4381 575 4473 pauci
596 4387 645 4451 nat
662 4383 776 4471 ἀνδρῶν
795 4387 830 4450 et
848 4381 1031 4451 mulierum
1049 4385 1083 4449 et
1097 4379 1251 4448 virorum
1269 4401 1339 4447 non
1358 4379 1478 4471 pauci,
1494 4391 1553 4449 τῶν

233 4493 427 4576 eit-matres
448 4487 638 4569 nobilium3
665 4486 710 4555 ci.
737 4494 853 4570 13‚50;
881 4488 1003 4556 divites
1024 4486 1129 4578 (gig).
1151 4489 1260 4564 Quam
1283 4508 1362 4555 vere
1380 4486 1554 4578 scripserit

234 4593 360 4661 Paulus
379 4616 399 4661 a
420 4593 554 4663 ludaeis
575 4616 612 4662 se
630 4590 809 4684 prohiberi
826 4594 988 4682 gentibus
1008 4591 1105 4684 loqui
1121 4591 1152 4682 (1
1170 4592 1285 4661 Thess.
1301 4593 1410 4685 urs),
1426 4594 1553 4661 iterum

234 4699 428 4769 ostenditur
454 4723 488 4768 r.
518 4708 560 4769 13
588 4721 665 4768 cum
689 4713 803 4770 antem
829 4700 1063 4791 cognovissent
1088 4698 1125 4768 in
1152 4697 1391 4770 Thessalonica
1415 4697 1550 4785 ludaei,
