4154 5452
1108 368 1175 412 acr.
1198 350 1281 421 6,15.
1798 345 1857 407 119

531 504 746 591 dirigebant,
762 506 801 569 ut
812 503 911 591 quasi
930 524 971 569 ex
989 500 1086 568 vultu
1102 498 1176 565 cius
1190 498 1261 564 iam
1275 496 1410 585 culpam
1433 494 1637 582 colligerent
1659 497 1713 563 vel
1737 498 1819 565 conl
1841 533 1857 549 ·

528 612 662 678 sionem
676 612 767 673 -at
788 608 894 675 alium
914 609 1018 698 plane
1038 606 1172 672 vultum
1197 610 1231 671 et
1250 603 1407 670 habitum
1430 600 1698 692 deprehendunt
1713 624 1747 669 v.
1766 608 1806 672 15
1825 616 1857 670 et

531 717 701 784 intuentes
720 735 798 780 eum
819 710 1018 802 omnesqui
1038 709 1201 779 sedebant
1223 710 1261 778 in
1282 708 1428 778 concilio
1450 707 1613 776 viderunt
1630 705 1760 796 [aciem
1782 708 1857 775 eius

530 836 709 910 tamquam
721 819 849 907 sociem
872 817 1008 908 carpeti,
1025 824 1122 885 tanta
1135 819 1208 887 scil.
1224 816 1407 885 serenitate
1429 815 1580 884 simulet
1597 814 1723 883 eximia
1741 811 1857 900 digni-

528 934 615 1009 tate,
629 926 908 1017 pulchritudine,
929 925 1143 992 auctoritatis
1156 932 1190 991 et
1202 924 1417 991 reverentiae
1443 920 1606 989 omnibus
1626 919 1857 1011 imponendae

528 1034 755 1123 praestantia,
777 1033 865 1099 sicut
883 1030 987 1099 facies
1007 1053 1078 1099 csse
1101 1031 1189 1097 solet
1208 1028 1329 1116 angeli
1341 1029 1567 1118 quihumana
1587 1026 1698 1094 forma
1716 1027 1858 1095 indutus

529 1163 564 1208 se
578 1139 803 1230 spectandum
817 1137 976 1228 praebet3
995 1146 1130 1226 ἐπίχαριν
1148 1144 1284 1221 ἐποίησεν
1298 1141 1384 1203 αὑτὶν
1399 1145 1414 1203 ὁ
1430 1137 1510 1215 Θεὸς
1529 1131 1724 1224 (theoph).

943 1370 966 1439 c)
986 1370 1104 1424 oratio
1125 1369 1288 1434 stapham
1306 1369 1444 1435 ⁷,1·5³.

572 1563 634 1641 Qui
654 1562 868 1651 Stephanum
881 1561 1066 1629 audierunt
1076 1567 1311 1652 perorantem,
1333 1583 1404 1630 non
1416 1552 1650 1651 permiserunt
1663 1557 1856 1626 orationem

528 1668 659 1736 eiusad
674 1668 780 1735 finem
799 1668 955 1760 perduci.
979 1671 1063 1735 Nam
1076 1667 1256 1753 audacius,
1274 1675 1311 1735 ut
1335 1667 1418 1757 ipsis
1436 1665 1632 1750 videbatur,
1653 1665 1857 1755 loquentem

527 1777 805 1866 interruperunt3
824 1774 915 1842 unde
925 1774 1162 1842 vehementius
1175 1775 1212 1843 in
1228 1797 1284 1842 ecs
1294 1774 1470 1842 invehitur
1481 1796 1515 1842 v.
1531 1779 1572 1842 51
1586 1772 1858 1863 quareprehen-

526 1886 622 1950 sicne
637 1884 784 1950 maxime
798 1880 880 1949 irati
894 1880 1010 1949 statim
1021 1881 1189 1972 impetum
1202 1881 1241 1948 in
1252 1904 1331 1949 eum
1346 1882 1513 1950 fecerunt.
1531 1879 1646 1948 Oratio
1660 1877 1737 1969 ipsa
1748 1879 1857 1967 igitur

526 1994 576 2056 est
590 2010 724 2056 manca.
739 1987 820 2055 lude
835 1987 907 2054 iam
922 1987 1042 2078 aliqua
1055 1989 1092 2055 in
1102 1988 1173 2055 eius
1184 1987 1407 2079 explicatione
1419 1988 1531 2054 oritur
1546 1985 1744 2054 difficultas.
1760 1990 1856 2052 Deest

527 2094 619 2161 enim
631 2094 707 2183 ipsa
718 2093 782 2161 illa
794 2094 983 2184 applicatio
998 2115 1115 2162 rerum
1127 2099 1302 2182 gestarum
1313 2115 1400 2185 quas
1414 2098 1571 2174 enarrat,
1581 2092 1677 2160 deest
1690 2090 1792 2171 illud,
1811 2090 1851 2157 ad

526 2200 620 2291 quod
635 2199 756 2268 tendat
781 2206 851 2267 tota
872 2199 933 2267 illa
954 2199 1123 2269 institutio
1141 2224 1181 2268 ex
1199 2207 1314 2268 vetere
1335 2198 1478 2268 historia
1503 2198 1676 2290 exposita,
1700 2197 1739 2265 id
1761 2197 1855 2288 quod

526 2307 740 2397 Stephanum
759 2306 1016 2374 declaraturum
1032 2306 1135 2375 fuisse
1154 2314 1287 2374 certum
1305 2313 1374 2392 est,
1400 2306 1430 2374 si
1451 2328 1522 2374 non
1545 2304 1664 2374 luisset
1678 2306 1713 2372 vi
1731 2309 1765 2373 et
1779 2303 1854 2371 vio·

526 2413 631 2481 tentia
645 2411 841 2504 impeditus.
858 2406 1088 2480 Nihilominus
1102 2414 1249 2481 multum
1258 2414 1400 2509 luminis
1415 2413 1605 2504 praebetur
1626 2410 1672 2480 ad
1689 2411 1855 2479 orationis

526 2525 659 2611 partem
674 2517 913 2608 explicandam
929 2541 1033 2609 quam
1051 2542 1244 2611 proponere
1261 2527 1398 2610 poterat
1411 2543 1451 2588 ex
1473 2518 1646 2610 capitibus
1665 2518 1854 2586 accusatio-

410 2708 414 2715 ι
527 2625 911 2706 nis6,13.1totetiam
931 2632 1024 2708 6,tl.
1050 2631 1139 2694 Haeo
1154 2629 1269 2717 itaque
1295 2626 1384 2696 bene
1398 2632 1478 2695 sunt
1496 2624 1758 2717 perpendenda.
1783 2629 1852 2692 lam

524 2732 717 2821 Stephanus
730 2730 858 2799 multus
872 2732 962 2799 ineo
982 2737 1048 2815 est,
1065 2740 1103 2800 ut
1118 2732 1276 2800 ostendat
1294 2735 1353 2800 Dei
1374 2731 1687 2801 manifestationem
1709 2732 1853 2822 eiusque

524 2837 693 2905 beneficia
710 2858 814 2926 quarn
831 2836 984 2927 plurima
1000 2844 1034 2906 et
1050 2839 1273 2929 perlongum
1288 2837 1453 2930 temporis
1466 2839 1617 2932 spatium
1633 2837 1761 2906 collata
1782 2861 1852 2905 esse

525 2945 561 3009 in
576 2942 778 3032 regionibus
793 2945 980 3027 extrancis;
999 2944 1098 3034 proin
1115 2966 1156 3014 ea
1175 2945 1317 3013 minime
1336 2946 1487 3037 pendere
1511 2967 1659 3036 nequca
1681 2952 1774 3012 terra
1791 2967 1853 3035 pa-

522 3049 721 3118 laestinensi
738 3071 852 3140 neque
871 3073 893 3117 a
911 3050 1063 3140 templo;
1080 3074 1183 3142 porro
1199 3057 1304 3120 Deum
1319 3052 1466 3121 decursu
1482 3053 1648 3143 temporis
1666 3051 1735 3119 alia
1754 3052 1854 3119 insti-

524 3158 643 3238 tuisse,
669 3157 719 3223 ita
750 3155 1065 3238 circumcisionem,
1088 3164 1209 3248 postea
1235 3160 1321 3226 ritus
1352 3165 1386 3227 et
1411 3157 1640 3227 caerimonias
1668 3157 1771 3246 legis;
1802 3158 1852 3225 ita

524 3261 689 3350 distingui
702 3284 742 3329 ac
761 3264 893 3330 secerni
906 3263 1086 3352 periodum
1101 3265 1366 3353 patriarchalem
1381 3272 1414 3333 et
1426 3265 1611 3334 mosaicam
1628 3305 1673 3318 -
1687 3265 1781 3333 unde
1797 3267 1851 3332 in-

522 3368 606 3435 lerri
625 3367 737 3458 potuit
751 3367 847 3435 alind
860 3376 894 3435 et
906 3391 1037 3436 novum
1052 3392 1188 3461 quoque
1200 3371 1393 3439 institutum
1409 3371 1453 3439 iri
1466 3370 1503 3439 in
1518 3373 1652 3462 epocha
1667 3365 1849 3440 messiana.

524 3480 566 3541 Do
592 3479 702 3561 Moyse
723 3474 767 3541 ita
790 3475 957 3565 loquitur,
979 3481 1018 3543 ut
1045 3498 1208 3564 magnam
1231 3478 1461 3546 reverentiam
1483 3478 1559 3548 eius
1580 3502 1664 3569 prae
1687 3503 1723 3548 sc
1747 3479 1847 3546 ferat.

523 3580 761 3647 conditionem
782 3603 989 3671 pauperem.
1014 3582 1178 3650 alssictam
1199 3583 1474 3672 patriarcharum
1501 3591 1537 3653 ot
1561 3585 1683 3676 populi
1703 3587 1849 3677 repetito

523 3687 637 3768 offert,
656 3708 696 3753 ao
720 3685 748 3753 si
770 3686 950 3755 ostendere
979 3687 1061 3756 velit
1087 3688 1124 3756 in
1152 3712 1193 3757 ea
1218 3690 1308 3757 etin
1327 3691 1549 3789 oppressione
1571 3692 1848 3760 adversariorum

522 3793 719 3860 nullatenus
729 3793 900 3861 declarari
916 3793 1071 3862 divinam
1083 3795 1377 3886 reprobationem,
1394 3821 1514 3866 verum
1528 3798 1621 3866 hisce
1632 3799 1746 3891 potius
1756 3820 1850 3866 exer·

522 3899 591 3966 ceri
610 3920 650 3966 ac
666 3899 806 3988 probari
818 3901 967 3968 cultores
981 3902 1051 3968 Dei.
1065 3907 1171 3981 Quam
1186 3902 1278 3971 tardi
1295 3904 1423 3971 fuerint
1438 3906 1475 3972 in
1488 3909 1599 3994 tloyso
1610 3904 1845 3993 agnoscendo,

523 4025 628 4094 quam
659 4011 893 4088 contumaees,
917 4006 1156 4075 inobedientes
1189 4008 1413 4077 vehementer
1438 4011 1555 4094 etlert,
1585 4011 1715 4103 pariter
1743 4035 1848 4102 quam

522 4110 670 4201 turpiter
696 4109 808 4197 legem
828 4111 983 4181 divinam
1006 4114 1221 4201 neglexerint
1246 4114 1374 4184 —iam
1390 4115 1513 4186 eodem
1535 4118 1641 4186 modo
1660 4140 1695 4186 se
1720 4117 1848 4186 hahent

522 4237 605 4303 erga
616 4216 723 4283 alium
736 4218 962 4307 prophetam,
980 4220 1184 4308 cuiussigna
1207 4226 1242 4288 et
1256 4221 1425 4290 miracula
1436 4224 1616 4293 viderant!
1633 4224 1721 4305 Quid
1740 4225 1850 4313 igitur

520 4324 592 4412 ipse
607 4322 786 4390 sentiatde
799 4328 883 4403 Deo,
902 4325 945 4393 de
961 4329 1083 4415 Moyse,
1096 4326 1139 4395 de
1149 4326 1238 4415 lege,
1251 4327 1294 4395 de
1306 4329 1435 4419 templo
1449 4330 1532 4398 satis
1544 4331 1684 4422 exponit
1695 4340 1731 4398 et
1744 4331 1849 4398 simul

522 4429 667 4496 nimiam
682 4428 778 4496 illam
792 4431 1083 4499 caerimoniarum
1098 4433 1288 4526 templique
1299 4435 1593 4523 aestimationem,
1615 4437 1713 4528 quasi
1731 4436 1849 4504 inillis

521 4535 632 4601 omnis
652 4535 713 4603 uei
735 4537 833 4604 lavor
856 4543 942 4605 esset
968 4538 1151 4629 reposituS,
1174 4540 1316 4631 egregie
1340 4543 1514 4612 convellit.
1536 4543 1683 4630 Singula
1705 4543 1784 4611 vide
1811 4543 1849 4611 in

522 4641 758 4729 explicatione.

567 4746 649 4814 lude
679 4770 818 4839 quoque
841 4749 1029 4841 perspicies
1053 4758 1222 4842 quantum
1244 4776 1266 4821 a
1290 4777 1370 4823 vero
1393 4756 1533 4824 aberret
1556 4756 1655 4848 Hilp.
1680 4756 1740 4848 qui
1763 4779 1848 4825 con-
