4054 5442
963 446 967 452 Δ
999 390 1064 434 aer.
1088 372 1245 443 ears-m.
1277 396 1286 416 ·
1721 375 1780 437 asa

456 525 697 618 turbataeque
721 545 800 593 curu
824 522 989 600 tumultu,
1014 520 1058 586 cl.
1083 541 1115 585 v.
1141 525 1198 600 123
1220 519 1346 585 iterum
1365 518 1431 585 boc
1454 529 1704 593 commemorat
1724 533 1779 592 nt-

453 638 532 722 pote
547 655 620 700 rem
636 629 776 699 maximi
796 627 962 694 momenti
982 647 1046 715 pro
1072 624 1186 693 iudice
1206 631 1316 693 stante
1338 623 1399 692 illa
1418 626 1646 694 accusatione.
1668 636 1779 708 Quare
1835 662 1840 667 ’

454 738 599 806 tidenter
613 736 718 803 etiam
732 737 898 824 provocat
911 737 946 801 et
960 732 1004 800 ad
1023 754 1082 800 eos
1102 731 1161 822 qui
1177 732 1291 821 ipsum
1308 732 1345 799 in
1361 731 1489 821 templo
1506 734 1780 821 comprehende·

453 849 533 910 runt
547 847 581 908 et
593 839 636 908 ad
654 845 850 930 praesentes
865 838 1075 929 synedristas
1088 860 1121 905 v.
1143 844 1182 905 19
1197 836 1342 929 quidum
1359 849 1476 905 uectem
1491 861 1535 905 es
1555 838 1641 906 Astu
1655 838 1779 907 lrcduet

454 969 538 1037 quos
550 949 725 1037 oportebat
739 944 838 1038 aprcd
847 958 879 1015 te
885 958 1026 1037 praesto
1042 965 1112 1011 esse
1122 957 1155 1011 et
1168 966 1328 1011 marmure
1339 944 1371 1010 si
1379 943 1468 1032 quid
1481 943 1644 1012 buter-eut
1655 945 1778 1014 adeer-

453 1074 529 1119 sum
544 1073 618 1139 me,·
630 1053 762 1144 explica
782 1064 860 1133 τινὲς
881 1059 930 1134 tt,
947 1052 995 1117 ita
1009 1055 1047 1116 ut
1064 1048 1232 1138 particula
1258 1056 1289 1117 tt
1308 1049 1434 1116 inierat
1455 1071 1579 1117 novam
1595 1074 1669 1119 rem
1696 1075 1776 1121 cum

456 1159 573 1250 aliqua
585 1157 802 1251 oppositione
819 1163 853 1224 et
865 1154 1069 1246 suppleatur
1080 1154 1225 1222 verbum
1244 1154 1450 1223 antecedens
1478 1176 1486 1223 :
1505 1157 1590 1244 εὗρον
1612 1159 1777 1228 :invene-

455 1273 536 1333 runt
545 1288 615 1348 me,
628 1287 700 1333 non
713 1263 767 1331 illi
779 1263 840 1353 qui
849 1283 943 1330 nunc
952 1261 1077 1330 adsunt
1089 1261 1149 1329 sed
1160 1260 1268 1351 aliqui
1280 1259 1398 1328 ludaei
1411 1261 1467 1352 (ei.
1486 1260 1597 1348 Klots,
1615 1268 1735 1332 Devar.
1748 1271 1776 1332 ΙΙ

455 1395 489 1461 p.
518 1370 616 1461 256);
635 1369 674 1438 hi
704 1367 880 1437 debebant
905 1367 1039 1447 adesse;
1060 1366 1120 1435 sed
1147 1389 1225 1435 eum
1248 1368 1312 1458 ipsi
1337 1388 1404 1434 non
1425 1376 1650 1458 compareant
1672 1371 1777 1462 primi

454 1481 682 1559 accusatores,
699 1474 770 1543 iam
791 1473 909 1542 innuit
930 1473 1104 1565 apostolus
1124 1473 1209 1540 falsa
1230 1494 1300 1540 esse
1320 1473 1488 1563 quaesibi
1506 1475 1773 1564 imputarentur.

455 1581 547 1659 Quod
564 1604 605 1649 eo
617 1581 779 1650 fidentius
792 1603 814 1650 a
825 1603 861 1649 se
879 1580 948 1647 diei
960 1579 1092 1646 indicat
1106 1600 1185 1646 oum
1205 1584 1326 1669 pergat
1340 1601 1372 1646 v.
1390 1586 1432 1647 20
1446 1592 1509 1647 uut
1523 1579 1562 1648 lu'
1575 1581 1645 1673 ipsi
1658 1582 1778 1651 dicarat

454 1693 617 1758 εἰπάτωσαν
637 1686 844 1778 imperando
863 1690 898 1754 et
917 1707 975 1753 eos
992 1684 1093 1775 quasi
1107 1684 1217 1771 digito
1237 1683 1505 1753 demonstrando
1528 1687 1682 1779 loquitur
1697 1712 1778 1758 cum

454 1796 545 1863 iusta
564 1793 715 1885 quadam
733 1791 995 1880 indignatione,
1016 1790 1071 1880 (st)
1097 1788 1185 1880 quid
1211 1789 1416 1858 iuuencum!
1432 1793 1468 1858 iu
1492 1813 1545 1859 me
1563 1792 1774 1883 iniquitute,

454 1921 533 1967 crem
546 1911 630 1967 stem
644 1899 683 1967 iu
699 1896 856 1984 coucilia,
873 1918 954 1966 cum
969 1918 1075 1965 essem
1090 1918 1205 1964 coram
1217 1895 1379 1985 synedrio
1392 1903 1469 1981 23,1
1491 1920 1580 1990 seq.,
1595 1923 1628 1969 v.
1644 1907 1684 1969 21
1707 1901 1778 1970 uisi

455 2006 496 2074 de
510 2029 581 2074 uua
594 2005 658 2075 tue
671 2003 887 2074 solrcmmodo
901 2025 981 2072 uoce
994 2025 1063 2094 qaeu
1078 2001 1227 2071 clausuri
1240 2003 1331 2071 iuter
1345 2025 1401 2071 eos
1413 2016 1510 2073 stans
1525 2026 1538 2072 .·
1556 2007 1722 2098 quomam
1735 2009 1778 2078 de

454 2112 701 2180 ressurectione
722 2122 937 2178 mortuorum
958 2131 1021 2199 eqo
1041 2107 1175 2176 iudicor
1188 2107 1290 2176 bodie
1306 2130 1328 2175 u
1353 2110 1461 2196 cobis,
1484 2112 1533 2197 ἐφ’
1554 2122 1635 2197 ὑμῶν
1661 2136 1777 2182 coram

455 2218 570 2304 vobis,
592 2218 686 2309 apud
706 2239 779 2285 vos.
805 2221 851 2285 Ex
872 2216 939 2284 hac
965 2237 1048 2283 voce
1069 2221 1164 2283 ortus
1183 2221 1234 2283 est
1254 2220 1345 2284 totus
1365 2215 1424 2283 ille
1449 2216 1631 2298 tumultus,
1649 2242 1689 2287 ex
1709 2242 1778 2310 quo

456 2326 636 2393 Paulusne
656 2324 910 2415 discerperetur
923 2325 1064 2414 ereptus
1086 2326 1137 2388 est
1153 2343 1174 2389 a
1192 2321 1348 2402 tribun03
1365 2321 1446 2389 inde
1473 2324 1665 2393 coniuratio
1685 2326 1779 2394 facta

454 2436 487 2499 et
505 2429 667 2499 abductio
682 2430 721 2497 in
741 2432 940 2497 Caesaream
955 2428 1050 2518 (23,b
1068 2427 1170 2517 seq.).
1189 2427 1450 2496 Intellexitsane
1465 2451 1604 2519 praeses
1622 2431 1779 2501 affirma·

455 2539 581 2604 tionem
599 2536 695 2603 Pauli
709 2533 853 2603 omuino
871 2554 1065 2621 congruere
1084 2532 1154 2599 illis
1172 2555 1262 2623 quae
1279 2535 1394 2620 Lysias
1412 2536 1584 2626 scripserit
1601 2542 1716 2624 ΜΒ.
1734 2545 1777 2606 29

454 2664 535 2711 eum
550 2643 703 2711 accusari
717 2640 832 2709 solum
850 2640 893 2708 de
910 2638 1169 2730 quaestiouibus
1183 2639 1280 2726 legis.

497 2753 568 2817 lam
582 2749 667 2839 quid
685 2747 814 2815 iudex?
829 2768 871 2815 er
890 2744 1036 2836 epistola
1061 2744 1177 2833 Lysiae
1201 2750 1235 2812 et
1256 2744 1454 2813 defensione
1480 2747 1577 2814 Pauli
1602 2750 1777 2839 potuitne

454 2853 574 2923 debuit
596 2855 739 2923 Paulum
758 2851 947 2921 absolvere.
974 2850 1193 2939 synedristae
1217 2856 1333 2918 autem
1354 2852 1577 2942 postulabant
1597 2855 1670 2923 eius
1693 2878 1776 2924 con·

455 2960 710 3029 damnationem
738 2964 772 3027 et
794 2958 940 3048 insuper
955 2956 1010 3026 ius
1024 2977 1124 3024 suum
1145 2955 1314 3046 puniendi
1337 2958 1480 3025 Paulum
1508 2959 1688 3028 atribuno
1706 2984 1778 3031 esse

455 3066 578 3135 iniuste
597 3064 805 3156 impeditum
827 3063 1044 3132 affirmarent
1072 3064 1119 3151 (v.
1146 3061 1231 3151 ou).
1254 3066 1337 3130 Cum
1357 3062 1467 3151 igitur
1484 3065 1522 3132 hi
1545 3067 1679 3154 Lysiam
1692 3090 1778 3159 qno·

455 3196 522 3264 que
556 3172 768 3254 incusarent,
801 3191 842 3238 ex
873 3188 942 3237 una
980 3175 1096 3259 parte,
1130 3191 1169 3236 er
1198 3167 1306 3236 altera
1336 3176 1450 3237 autem
1475 3170 1519 3238 ad
1549 3193 1629 3239 eum
1657 3179 1777 3264 utpote

455 3285 573 3347 testem
593 3282 823 3368 provocarent
838 3276 885 3366 (v.
902 3276 952 3365 8),
974 3274 1126 3343 mediam
1144 3275 1320 3364 quandam
1339 3275 1429 3344 riam
1445 3277 1542 3364 eligit
1557 3278 1660 3347 iudex
1677 3301 1686 3349 ε
1703 3302 1777 3348 rem

453 3384 601 3475 amptius
621 3405 692 3454 esse
715 3380 960 3475 inquirendam
984 3404 1018 3449 v.
1038 3386 1082 3448 22
1102 3380 1236 3449 distulit
1250 3395 1366 3449 autem
1381 3381 1460 3450 illos
1479 3382 1581 3451 Felis
1595 3388 1775 3455 tertiisve.

454 3490 632 3582 ampliavit
646 3511 703 3559 eos
715 3488 740 3559 i.
756 3511 789 3558 e.
806 3486 1045 3579 pronuntiavit
1058 3487 1211 3577 amplius
1225 3488 1310 3575 (scil.
1328 3489 1564 3579 quaerendum
1585 3492 1670 3580 esse)
1683 3491 1777 3582 quod

454 3598 624 3666 iaciebant
646 3595 794 3677 iudices,
818 3595 845 3661 si
871 3615 983 3684 neque
1007 3593 1052 3660 ad
1073 3592 1375 3661 condemnandum
1399 3616 1512 3686 neque
1533 3595 1578 3664 ad
1598 3597 1779 3666 absolven-

454 3706 535 3773 dum
562 3725 615 3772 res
636 3701 702 3772 sibi
725 3701 807 3770 satis
822 3700 957 3791 liquere
974 3698 1150 3767 videretur
1161 3699 1245 3789 (Bt.)
1261 3700 1448 3767 certissime
1460 3701 1570 3769 scieris
1587 3702 1631 3770 de
1642 3703 1700 3771 eiu
1714 3704 1779 3773 truc

455 3816 659 3900 ἇκριεέπιρεν
688 3806 883 3876 accuratius
914 3805 1089 3895 cognitam
1125 3804 1257 3872 habens
1289 3804 1490 3893 religionem
1525 3830 1666 3889 novam3
1699 3832 1777 3879 cum

455 3916 524 3986 iam
546 3937 587 3984 ex
612 3913 770 4006 pluribus
788 3912 889 3982 annis
909 3916 995 3980 esset
1016 3913 1052 3980 in
1074 3911 1201 3979 iudaea
1221 3917 1352 3980 etcum
1373 3916 1554 3982 Caesareae
1573 3915 1678 3983 etiam
1694 3924 1780 3986 esset

455 4028 569 4093 coetus
598 4018 885 4101 Christianorum,
919 4023 1053 4109 poterat
1083 4018 1165 4085 satis
1192 4038 1290 4086 nosse
1318 4039 1395 4086 eam
1426 4018 1635 4108 religionem
1667 4021 1716 4091 ita
1742 4029 1782 4092 ut

455 4129 558 4198 etism
586 4148 704 4195 veram
738 4145 877 4195 cansam
903 4122 1129 4192 accusationis
1155 4123 1255 4192 facile
1283 4124 1503 4216 perspiceret.
1536 4131 1624 4196 llaec
1645 4135 1782 4219 poterat

455 4239 485 4305 ei
510 4257 581 4305 esse
605 4232 712 4315 ratio,
745 4238 783 4300 ut
816 4253 888 4299 non
920 4229 1168 4298 condemnaret
1196 4228 1351 4298 Paulum.
1383 4231 1564 4301 Differendi
1586 4241 1704 4302 autern
1727 4235 1781 4303 in·

456 4343 538 4411 dicii
571 4361 709 4411 cansam
739 4337 871 4425 allegat
903 4336 995 4404 hanc
1022 4358 1064 4405 ex
1087 4336 1242 4404 oratione
1265 4335 1406 4405 Tertulli
1429 4338 1674 4429 depromptam
1701 4339 1782 4409 :di-

459 4471 537 4518 ceas
559 4470 573 4515 .·
601 4469 678 4516 cum
705 4444 862 4513 triticeus
888 4442 1011 4532 Lysias
1035 4441 1263 4530 descenderit,
1291 4441 1433 4511 aredium
1452 4465 1532 4531 cos,·
1549 4446 1662 4515 noluit
1687 4469 1785 4538 syne-

461 4555 583 4625 dristas
603 4553 779 4623 offendere
804 4548 946 4619 Paulum
975 4547 1203 4632 absolvendo,
1226 4550 1267 4617 iis
1290 4555 1405 4618 autem
1426 4551 1645 4642 aliquatenus
1663 4554 1784 4624 saltem

462 4662 668 4745 satisfacere,
685 4658 771 4728 dum
785 4678 911 4726 noram
924 4655 1054 4725 diceret
1069 4655 1314 4724 instituendam
1329 4677 1401 4725 esse
1415 4657 1673 4748 inquisitionem
1689 4661 1789 4749 Lysia

465 4772 655 4862 praesente.
681 4769 806 4835 verram
829 4762 972 4833 minime
992 4761 1158 4831 sollicitus
1179 4762 1262 4848 fuit,
1288 4769 1325 4831 nt
1344 4764 1457 4853 Lysias
1476 4787 1511 4834 se
1529 4767 1679 4851 sisteret3
1701 4767 1789 4859 quid
