4092 5490
72 348 80 355 ·
125 330 137 342 ’
259 329 320 388 sss
777 361 782 370 ·
820 348 887 396 τοι.
911 332 1028 407 laea

213 460 217 467 ’
255 477 331 546 scil.
348 478 410 568 qui
421 500 512 547 novo
526 479 658 549 foederi
674 482 834 572 proprius
847 485 946 547 estet
958 480 995 545 in
1010 476 1241 544 celebratione
1256 476 1483 544 eucharistiae
1497 498 1581 544 con-

255 584 344 651 sistit
358 585 422 673 (ita
436 589 617 675 Erasmus,
634 587 745 655 Salm.
766 589 851 675 lap
864 586 949 650 Har.
968 583 1076 649 Galm.
1091 578 1183 648 Beel.
1200 582 1297 647 Patr.
1317 578 1433 669 Feta).
1454 581 1583 649 Dicitur

166 776 169 781 Ι
257 692 349 760 enim
362 701 551 783 λειτουργεῖν
562 691 655 782 apud
669 693 763 758 LXX
771 690 814 756 de
829 686 1061 755 sacerdotibus
1073 692 1106 754 et
1119 686 1230 754 levitis
1243 687 1304 777 qui
1322 688 1426 755 sacris
1438 708 1583 776 operan-

255 804 313 868 tur
332 800 370 867 in
382 797 604 867 tabernaculo
620 797 689 885 (Ex.
707 800 1098 882 28,35.1ι3λειτ.σρ“οςτὀ
1115 802 1318 882 θυσιαστήριον
1328 817 1336 873 ;
1348 800 1463 879 29,30.
1479 798 1579 862 Num.

257 911 354 987 Ιε,39;
373 910 454 985 1o,s
468 904 551 988 etc.)
568 901 655 967 etin
667 899 799 990 templo
818 900 900 989 (luel
915 907 983 985 1,9.
1000 900 1158 968 icbron.
1176 905 1269 979 31,2.
1288 906 1304 966 1
1325 902 1432 968 llach.
1449 900 1578 990 lodi),

255 1011 305 1080 ita
319 1014 496 1095 λειτουργὸς
508 1004 637 1073 dicitur
650 1005 694 1073 de
707 1005 881 1075 sacerdote
897 1007 1014 1098 (llebr.
1034 1012 1093 1092 83
1108 1011 1143 1074 ct
1168 1004 1327 1073 similiter
1347 1009 1444 1073 Rom.
1464 1014 1577 1090 15,16,

256 1115 309 1183 uti
319 1115 431 1181 elucet
445 1111 623 1180 oblatione
637 1114 807 1204 gentium)
822 1118 857 1182 et
870 1113 988 1182 eadem
1004 1135 1145 1205 qnoque
1153 1112 1295 1180 notione
1311 1111 1405 1202 apud
1419 1111 1581 1202 profanos

256 1219 300 1288 de
316 1218 529 1289 sacrificulis.
547 1224 631 1289 Cum
645 1219 793 1288 addatur
810 1232 853 1309 τῷ
869 1224 988 1309 Κυρίῳ,
1006 1220 1148 1309 planum
1163 1225 1214 1287 est
1231 1241 1303 1286 non
1314 1240 1413 1310 posse
1430 1216 1581 1304 intelligi

256 1325 300 1394 de
319 1324 594 1416 praedicatione,
609 1325 792 1395 acatholici
799 1324 1029 1394 communiter
1042 1325 1216 1415 explicant
1229 1326 1272 1392 de
1284 1326 1455 1407 oratione;
1469 1329 1505 1391 at
1517 1345 1580 1414 pro

255 1434 412 1502 oratione
423 1437 618 1501 constanter
631 1431 815 1501 adhibetur
831 1441 1057 1520 προσεύχεσθαι,
1076 1430 1131 1497 uti
1144 1432 1259 1499 statim
1283 1454 1314 1498 v.
1337 1439 1368 1499 3.
1391 1437 1579 1510 Quarenon

256 1539 402 1631 simplex
418 1539 530 1606 cultus
541 1537 599 1605 liei
612 1537 672 1628 qui
686 1536 943 1626 perorationem
958 1537 998 1604 fit
1010 1536 1162 1624 intelligi
1173 1542 1300 1625 potest,
1315 1536 1375 1604 sed
1390 1537 1502 1605 cultus
1518 1536 1579 1627 qui

255 1667 321 1736 per
338 1642 568 1711 ministerium
585 1641 797 1710 sacerdotale
823 1649 1008 1712 exercetur.
1036 1642 1258 1710 Sacrificandi
1275 1645 1363 1710 actio
1389 1643 1519 1710 directe
1539 1643 1579 1711 tit

255 1756 334 1833 Deo,
347 1748 467 1817 sivein
476 1753 583 1817 Deum
594 1747 776 1836 dirigitur;
791 1753 950 1818 neutram
964 1768 1046 1817 vero
1058 1748 1127 1817 dici
1138 1753 1248 1839 potest
1258 1747 1576 1839 depraedicatione.

253 1860 371 1947 Neque
391 1854 437 1951 ad
454 1854 747 1945 praedicationem
761 1853 905 1944 adiungi
924 1855 1010 1924 solet
1028 1853 1214 1938 ieiunium,
1231 1876 1344 1945 neque
1363 1854 1455 1922 inter
1477 1876 1580 1945 prae-

255 1961 466 2031 dicationem
478 1983 568 2052 quae
582 1963 628 2030 ad
640 1961 760 2031 fideles
772 1961 936 2050 dirigitur
948 1967 1028 2053 ap'te
1041 1962 1174 2051 concipi
1184 1966 1297 2051 potest
1305 1960 1474 2029 eiusmodi
1492 1960 1579 2029 allo·
1612 1998 1618 2007 ·

253 2069 377 2159 quium
395 2067 544 2159 Spiritus
562 2068 688 2150 sancti,
712 2090 780 2158 quo
803 2067 893 2135 actio
912 2068 1173 2158 praecipitare
1198 2067 1456 2158 praedicatione
1476 2069 1579 2159 plane

255 2175 388 2259 aliena,
401 2173 464 2243 sed
477 2195 556 2242 cum
569 2173 730 2242 sacrificii
748 2173 925 2242 oblatione
935 2175 1072 2265 optime
1084 2174 1260 2242 socianda.

300 2281 436 2374 Dixerat
461 2279 624 2349 Dominus
645 2278 762 2349 ablato
784 2302 907 2371 sponso
925 2279 1108 2372 discipulos
1121 2302 1193 2349 asse
1215 2280 1426 2349 ieiunaturos
1450 2279 1575 2367 (llattb.

256 2386 364 2475 9,15).
381 2385 521 2454 Nullum
542 2392 657 2455 autem
679 2390 816 2476 tempus
828 2387 938 2476 magis
955 2387 1064 2455 videri
1092 2393 1202 2478 potest
1217 2394 1450 2478 opportunum
1472 2405 1576 2476 quam

255 2491 415 2561 sacrificii
427 2498 565 2583 tempus
576 2498 611 2560 et
624 2492 801 2575 orationis,
816 2493 909 2561 unde
922 2492 979 2560 hic
992 2514 1132 2583 quoque
1147 2493 1361 2580 significatur
1372 2490 1575 2560 sacrificium

255 2598 387 2666 ieiunio
414 2598 636 2668 coniunctum
663 2612 696 2668 ct
722 2598 977 2685 ieiunantibns;
997 2599 1048 2666 ita
1079 2599 1188 2686 igitur
1214 2599 1323 2667 cultui
1350 2599 1409 2666 [tei
1433 2617 1574 2688 operam

256 2704 421 2772 dantibus
436 2703 526 2772 disis
540 2704 612 2773 ills
626 2705 779 2797 Spiritus
792 2716 931 2773 sanctus
945 2726 958 2771 .·
972 2719 1148 2796 segregate
1169 2704 1258 2772 naibi
1271 2705 1419 2772 Saulem
1439 2717 1471 2772 et
1490 2708 1575 2771 llar-

255 2813 395 2896 nabam,
407 2810 477 2878 iam
488 2811 592 2879 Saulo
602 2812 698 2902 prior
714 2812 907 2901 assignatur
918 2813 1037 2880 locusa
1048 2810 1175 2903 Spiritu
1185 2818 1303 2879 sancto
1314 2865 1322 2893 ,
1333 2811 1417 2878 dum
1428 2831 1577 2901 eousque

170 2990 176 3001 .
253 2917 406 2986 secundo
424 2922 614 3009 poneretur
631 2919 756 3005 (1135.
772 2925 835 3002 30;
861 2919 974 3004 1235)
989 2918 1026 2985 in
1045 2940 1129 3010 opus
1148 2918 1197 2986 ad
1213 2916 1309 3008 qnod
1320 2917 1493 3008 assumpsi
1503 2935 1579 3002 coa·

253 3030 436 3122 segregate
449 3024 495 3093 cf.
507 3028 605 3092 Rom.
624 3031 693 3108 1,1.
708 3024 779 3093 Gal.
798 3031 893 3108 1,15;
910 3033 945 3110 δή
957 3023 1125 3112 agedum,
1139 3024 1227 3109 iam;
1243 3024 1383 3093 additur
1396 3023 1575 3114 particula,

254 3135 293 3198 ut
318 3128 496 3221 praecepti
526 3130 578 3198 vis
609 3137 779 3217 angeatur
811 3136 845 3198 et
873 3130 1071 3200 mandatum
1099 3130 1194 3200 illico
1218 3153 1290 3200 csse
1319 3128 1574 3221 exsequendum

254 3235 482 3323 significetur,
506 3239 549 3318 εἰς
568 3241 584 3306 ὃ
600 3246 829 3327 τροστιειιλημαι
844 3237 889 3306 ad
907 3237 999 3328 quod
1018 3261 1076 3307 eos
1102 3237 1160 3329 (ad
1179 3239 1248 3328 me)
1267 3237 1466 3306 conlocavi.
1488 3241 1578 3303 Man-

254 3342 337 3410 dato
350 3341 592 3433 obsequuntur
603 3367 635 3413 v.
651 3351 672 3412 3
698 3356 779 3412 tcaenc
798 3342 991 3411 ieiunantes
1009 3357 1041 3411 el
1062 3357 1199 3413 orantes
1226 3345 1503 3435 imponentesque
1528 3343 1577 3410 cis

254 3470 380 3517 manus
397 3459 613 3535 νηστεύσαντες
640 3455 703 3519 etc.
722 3452 746 3518 i.
772 3472 803 3518 e.
834 3472 912 3518 cum
931 3451 1137 3519 ieiunassent
1155 3458 1189 3520 et
1209 3458 1361 3519 orassent
1383 3459 1416 3518 et
1434 3452 1483 3518 eis
1504 3472 1578 3517 ma·

253 3577 319 3624 nus
331 3557 590 3648 imposuissent,
607 3554 810 3625 dimiserunt
823 3557 920 3642 illua·
933 3558 1016 3626 haec
1031 3580 1194 3627 manuum
1206 3558 1391 3647 impositio,
1407 3556 1462 3624 cui
1477 3577 1577 3646 prae-

254 3661 424 3731 miserunt
441 3662 613 3731 ieiunium
632 3669 667 3731 et
687 3663 893 3744 orationem,
920 3685 992 3730 non
1011 3670 1060 3731 est
1073 3664 1168 3731 nuda
1187 3662 1394 3731 caerimonia
1407 3662 1576 3731 censenda

254 3790 367 3860 neque
380 3790 509 3838 vacuus
529 3770 629 3860 quasi
645 3768 748 3852 ritus;
762 3791 869 3860 qnare
888 3769 1010 3838 merito
1026 3769 1076 3838 ibi
1099 3777 1292 3858 agnoscunt
1318 3789 1451 3837 sacram
1481 3769 1575 3836 ordi·

253 3873 430 3943 nationem
456 3879 491 3943 et
511 3875 803 3945 consecrationem
827 3875 872 3944 ad
897 3897 1022 3943 munus
1040 3877 1245 3967 episcopale.
1267 3881 1439 3965 Nusquam
1466 3874 1570 3955 onim,

251 3978 282 4048 si
300 3982 478 4050 mittamus
504 3983 667 4072 parvulos
697 3982 824 4075 quibus
850 3984 1004 4052 Salvator
1022 3982 1191 4074 impositis
1206 3982 1368 4050 manibus
1381 3980 1573 4062 benedixit,

252 4086 290 4153 in
311 4108 399 4155 novo
412 4092 618 4157 testamento
632 4089 885 4180 deprecatoriae
901 4090 1078 4158 cuiusdam
1090 4091 1320 4182 impositionis
1334 4108 1499 4156 nianuum
1518 4108 1576 4154 ex·

253 4198 320 4262 stat
335 4194 551 4285 exemplum,
572 4195 631 4263 sed
646 4195 776 4288 ubique
791 4199 1015 4288 imponuntur
1032 4219 1155 4266 manus
1168 4203 1227 4265 aut
1249 4197 1292 4264 ad
1315 4194 1504 4264 sanandum
1521 4193 1576 4260 vel

253 4303 298 4374 ad
320 4300 552 4371 revocandum
575 4301 620 4370 ad
640 4302 746 4370 vitam
761 4303 888 4394 (Mattb.
908 4309 999 4385 9,18.
1022 4309 1119 4372 llarc.
1137 4311 1233 4385 5333
1258 4310 1369 4386 lala.
1387 4307 1464 4370 Luc.
1484 4305 1574 4381 t,t0.

253 4419 326 4481 Act.
350 4416 444 4497 9,12.
463 4417 525 4493 1’1;
541 4408 638 4499 18,8)
658 4414 718 4477 aut
735 4409 779 4477 ad
794 4409 997 4478 sacrandum
1014 4411 1099 4498 (Act.
1121 4418 1195 4492 6,6;
1213 4418 1310 4493 8,17;
1331 4417 1384 4489 19,
1404 4416 1471 4476 (tt
1488 4407 1574 4474 lim.

254 4525 352 4606 a,1a;
376 4523 470 4603 52²²·
482 4523 507 4585 2
520 4515 605 4584 Tim.
625 4515 713 4606 t,6);
730 4516 777 4584 iia
792 4524 882 4585 recte
896 4517 986 4586 Beel.
994 4537 1010 4603 ,·
1024 4524 1128 4607 atque
1138 4516 1297 4584 similiter
1309 4516 1480 4606 explicant
1496 4512 1574 4584 Clu.

254 4625 460 4696 Animonius
482 4626 521 4693 in
542 4631 608 4694 cat.
631 4622 742 4692 Sclm.
761 4627 847 4714 Lop.
868 4627 964 4692 Patr.
988 4624 1073 4693 Feli.
1095 4623 1271 4701 Quomodo
1290 4645 1346 4690 eos
1369 4621 1573 4703 dimiserint,

255 4720 364 4805 habes
374 4739 477 4817 1l,25
489 4755 497 4820 ;
507 4730 792 4802 commendarunt
802 4753 860 4800 eos
867 4731 998 4819 gratiae
1012 4731 1070 4799 llei
1084 4729 1129 4798 ad
1145 4752 1230 4821 opus
1243 4729 1331 4797 illud
1342 4728 1571 4798 subeundum.
