4154 5452
1043 359 1134 402 nor.
1157 341 1242 411 9,18.
1762 338 1818 398 lot

493 509 531 552 ex
544 491 603 553 bac
616 489 830 554 similitudine
845 494 1061 555 narrationem
1074 507 1146 552 esse
1163 490 1417 562 conformatam,
1433 491 1466 548 et
1481 486 1559 565 quia
1573 487 1711 549 Ananias
1728 491 1820 561 2⁶2,ss

492 590 644 652 laudetur
659 606 667 649 ε
682 588 905 652 testimoninm
919 590 1042 651 habens
1057 588 1098 648 ab
1113 588 1268 650 omnibus
1285 585 1414 648 ludaeis
1430 584 1480 646 vir
1497 583 1677 645 secundum
1697 585 1818 665 legem,

494 705 555 766 qua
580 686 676 747 laude
703 686 771 747 scil.
797 679 960 767 peculiare
983 676 1155 747 consilium
1179 684 1344 764 scriptoris
1372 685 1540 762 appareat,
1563 680 1619 759 qui
1644 679 1777 742 Paulum
1802 701 1821 742 a

490 785 624 847 crimine
638 781 809 847 adversarii
826 787 905 865 legis
917 800 1054 864 purgare
1068 783 1138 845 vult
1153 783 1209 865 (ita
1223 782 1314 844 Baur
1325 783 1460 860 eiusque
1473 778 1581 841 schola
1591 778 1817 857 tubingensisl.

492 883 612 943 Vemm
631 880 748 944 borum
768 882 945 945 sententiae
966 886 998 941 et
1015 882 1221 961 opinationes
1237 882 1277 944 de
1296 878 1532 960 compositione
1552 879 1585 937 et
1598 874 1734 939 consilio
1749 879 1819 936 Act.

491 978 555 1038 iam
571 983 647 1040 sunt
665 980 849 1060 antiquatae
869 981 901 1040 et
920 977 1101 1042 derelictae.
1126 978 1190 1042 Sed
1211 997 1249 1040 ex
1270 979 1334 1040 alia
1362 977 1486 1039 ratione
1513 973 1620 1036 Weizr.
1638 973 1704 1053 (lc.
1721 991 1753 1051 p.
1769 971 1820 1052 85)

492 1080 597 1154 partes
612 1094 694 1158 quae
712 1077 851 1139 Ananiae
869 1074 1064 1151 tribuuntur,
1082 1077 1208 1139 etiamsi
1229 1076 1342 1138 omnia
1356 1091 1438 1154 quae
1455 1074 1495 1136 ad
1509 1070 1704 1134 miraculum
1719 1070 1821 1150 perti-

492 1180 571 1235 nent
585 1172 815 1236 abscindantur
828 1176 861 1234 et
875 1173 1109 1253 relinquantur,
1127 1189 1245 1253 parum
1257 1172 1354 1233 babet
1368 1169 1569 1250 probabiles;
1585 1168 1719 1231 Paulum
1732 1167 1820 1231 enim

492 1288 557 1333 non
569 1271 668 1333 modo
681 1270 763 1332 nihil
779 1269 885 1332 dicere
903 1271 943 1334 de
959 1288 996 1334 eo
1012 1270 1100 1350 quod
1116 1272 1149 1333 in
1164 1271 1235 1331 eius
1249 1268 1458 1331 conversione
1473 1267 1571 1329 homo
1586 1267 1705 1347 aliquis
1720 1266 1820 1328 inter·

490 1368 638 1441 cesserit,
655 1383 773 1454 ‘verum
796 1367 892 1430 talem
915 1369 1179 1430 intercessionem
1201 1367 1297 1446 plane
1322 1363 1505 1428 excludere.
1529 1365 1569 1425 At
1595 1363 1729 1425 criticus
1752 1379 1820 1424 non

491 1463 645 1539 attendit,
664 1465 793 1544 qualem
805 1466 1069 1529 intercessionem
1083 1470 1116 1527 et
1130 1470 1195 1545 qua
1207 1467 1243 1525 in
1258 1481 1292 1526 re
1306 1462 1423 1525 Paulus
1438 1461 1596 1524 excludat.
1616 1462 1695 1522 llam
1712 1460 1820 1522 solum

492 1561 647 1635 excludit,
664 1580 727 1642 qua
739 1562 920 1626 doctrinam
936 1562 1096 1643 evangelii
1114 1581 1214 1643 quam
1229 1569 1396 1642 tamquam
1410 1560 1575 1641 apostolus
1590 1557 1764 1639 praedicat,
1781 1559 1820 1619 ab

490 1659 620 1721 bomine
647 1660 785 1740 quodam
811 1662 999 1741 accepisset.
1025 1661 1176 1724 Ceterum
1208 1660 1265 1723 illa
1291 1660 1473 1722 ratiuncula
1497 1661 1530 1721 et
1553 1657 1699 1737 opinatio
1724 1673 1819 1735 quam

499 1756 605 1819 Weizs.
621 1758 656 1819 in
672 1760 817 1821 medium
831 1758 925 1822 alleri
937 1760 977 1821 ab
989 1758 1064 1821 aliis
1077 1759 1198 1821 criticis
1211 1758 1372 1822 refutatur
1385 1756 1442 1838 qni
1454 1756 1634 1819 orationem
1647 1755 1735 1818 illam
1749 1755 1820 1821 223

402 1878 405 1883 ·
492 1872 531 1916 ex
546 1856 669 1935 optimo
685 1856 774 1918 lonte
786 1856 963 1919 derivatam
978 1861 1012 1918 et
1024 1857 1202 1937 genuinam
1218 1874 1290 1918 esse
1308 1855 1433 1917 docent
1487 1922 1489 1926 ,

531 1952 648 2014 Scribit
668 1954 831 2031 apostolus
853 1953 971 2016 Galatis
996 1971 1004 2014 :
1027 1953 1150 2016 silleri
1174 1944 1299 2033 p'osset,
1321 1953 1433 2015 oculos
1457 1957 1580 2014 vestros
1603 1950 1769 2013 eruissetis
1788 1955 1821 2011 et

492 2049 662 2110 dedissetis
685 2050 765 2111 mibi
792 2049 870 2130 (Gal.
895 2050 997 2132 t,15);
1024 2050 1141 2113 exinde
1163 2051 1264 2130 aliqui
1291 2050 1488 2113 concludunt
1513 2049 1697 2129 apostolum
1720 2048 1821 2109 oculis

491 2147 667 2221 laborasse,
693 2164 790 2234 quam
816 2148 1053 2229 aegritudinem
1078 2148 1214 2211 derivari
1239 2148 1353 2210 volunt
1374 2165 1416 2209 ex
1437 2147 1639 2227 apparitione
1660 2145 1768 2207 habita
1790 2151 1822 2206 et

491 2244 644 2306 caecitate
659 2246 874 2324 subsequente
891 2246 977 2327 (vide
993 2264 1024 2306 v.
1044 2267 1076 2328 g.
1093 2246 1180 2327 apud
1194 2243 1322 2326 Siessert
1330 2292 1340 2324 ,
1357 2246 1447 2308 Briel
1458 2263 1498 2307 an
1514 2244 1567 2307 die
1586 2243 1723 2333 Galater,
1738 2244 1760 2305 l.
1777 2248 1819 2322 c.)

493 2359 590 2421 quam
605 2343 799 2404 sententiam
818 2342 927 2406 Weizc.
943 2361 1073 2424 quoque
1090 2344 1261 2409 admittere
1277 2344 1406 2406 videtur
1417 2343 1462 2424 (p.
1475 2342 1537 2423 76).
1555 2342 1699 2404 Eandem
1715 2340 1822 2404 oculo·

490 2456 564 2501 rum
590 2440 825 2519 aegritudinem
851 2443 951 2504 etiam
977 2441 1138 2522 designari
1164 2442 1266 2523 aliqui
1294 2442 1470 2521 opinantur
1498 2440 1630 2503 stimulo
1652 2440 1707 2501 illo
1734 2439 1821 2502 carni

493 2537 587 2598 intixo
602 2536 642 2598 de
657 2554 722 2615 quo
736 2539 901 2618 apostolus
916 2538 1061 2619 loquitur
1074 2541 1095 2601 2
1108 2541 1179 2602 Cor.
1199 2542 1282 2611 lan,
1299 2557 1397 2618 quam
1413 2537 1708 2618 interpretationem
1723 2534 1821 2597 etiam

491 2631 571 2695 Felt.
590 2634 884 2712 probabilissimum
901 2637 1013 2710 habet,
1029 2642 1063 2699 et
1078 2641 1171 2717 putat
1186 2654 1257 2699 eam
1277 2636 1515 2715 aegritudinem
1534 2641 1680 2696 secutam
1695 2650 1766 2695 esse
1782 2650 1819 2694 ex

493 2730 705 2811 apparitione,
720 2732 775 2795 sed
794 2741 919 2797 auctam
939 2721 1196 2797 commoratione
1214 2735 1248 2796 in
1267 2733 1394 2796 deserto
1414 2737 1446 2795 et
1461 2733 1606 2795 Damasci
1622 2731 1723 2805 lacta,
1740 2747 1820 2810 quae

491 2829 637 2908 regiones
652 2830 752 2893 oculis
767 2832 878 2893 noxiae
894 2836 978 2893 sunt.
996 2832 1053 2895 Gui
1069 2832 1217 2911 opinioni
1233 2849 1410 2912 congruere
1430 2831 1533 2911 ipsam
1548 2847 1660 2892 vocem
1675 2830 1821 2909 exdiepa'r‘.

492 2924 571 3006 σαρκί
577 2943 586 3000 ;
604 2943 679 2987 nam
698 2927 834 2990 describi
850 2929 1030 2992 tunicarum
1050 2929 1136 2991 oculi
1157 2929 1447 2991 inflammationem
1466 2946 1540 2990 cum
1562 2927 1672 2990 dolore
1686 2928 1820 3007 analogo

490 3022 567 3084 acsi
588 3029 672 3085 esset
686 3024 776 3104 spina
795 3024 887 3089 oculo
907 3026 1004 3088 inllxa
1019 3025 1204 3105 (Blancard,
1225 3027 1364 3089 Lexicon
1388 3026 1552 3089 medicum
1574 3044 1600 3087 s.
1622 3024 1679 3105 u).
1700 3025 1818 3086 Verum

492 3131 663 3200 utrumque
678 3139 792 3201 parum
802 3123 968 3203 probabile
980 3123 1126 3200 videtum
1142 3142 1181 3186 ex
1196 3125 1263 3186 Gal.
1278 3127 1351 3195 ele
1366 3123 1399 3185 id
1416 3141 1480 3185 non
1492 3123 1585 3203 sequi
1601 3122 1666 3183 iam
1681 3139 1720 3184 eo
1734 3127 1820 3202 patet

492 3217 565 3294 quia
583 3215 762 3281 locutiones
784 3221 1002 3300 proverbiales
1025 3222 1065 3283 ab
1087 3221 1190 3284 oculis
1214 3222 1335 3301 petitae
1355 3222 1474 3299 quibus
1497 3221 1637 3282 maxima
1656 3237 1769 3281 eorum
1789 3224 1821 3280 et

492 3313 664 3375 necessitas
685 3320 718 3377 et
739 3318 921 3380 aestimatio
941 3318 1143 3398 exprimitur,
1168 3319 1288 3399 ubique
1310 3319 1455 3398 gentium
1475 3318 1507 3379 in
1526 3336 1587 3380 usu
1608 3322 1692 3380 sunt.
1710 3319 1747 3378 Et
1762 3334 1821 3396 ego

493 3410 626 3490 quidem
640 3417 730 3491 puto,
747 3415 942 3481 sistimulus
957 3416 1011 3477 ille
1027 3417 1113 3477 carni
1130 3417 1246 3479 infixus
1261 3416 1461 3478 derivandus
1476 3422 1562 3478 esset
1574 3416 1614 3477 ab
1630 3415 1686 3477 illa
1697 3415 1821 3495 appari·

493 3511 595 3591 tione,
613 3513 648 3572 in
663 3530 726 3593 qua
745 3530 819 3574 eum
839 3513 879 3575 de
899 3514 987 3575 caelo
1006 3513 1061 3577 lux
1080 3514 1312 3586 circumfulsit,
1331 3516 1516 3594 apostolum
1537 3529 1701 3592 nunquam
1721 3512 1820 3575 luisse

493 3614 687 3693 scripturum
705 3628 713 3673 :
730 3611 879 3672 stimulus
891 3610 977 3673 carni
994 3628 1084 3673 meae
1102 3611 1240 3693 (graece)
1256 3612 1351 3674 datus
1367 3617 1417 3674 est
1428 3612 1526 3683 mibi,
1543 3608 1673 3693 angelus
1690 3617 1821 3671 satanae

493 3709 545 3791 qui
569 3730 617 3771 me
635 3707 808 3792 colaphizet
831 3742 872 3755 -
896 3726 979 3789 quae
1004 3709 1181 3788 descriptio
1204 3710 1346 3790 prolecto
1372 3728 1410 3772 ea
1435 3711 1467 3770 in
1490 3707 1702 3790 explicatione
1726 3709 1820 3789 plane

492 3808 594 3869 aliena
609 3813 703 3870 esset.
715 3809 863 3870 Ceterum
873 3807 913 3869 de
928 3806 1025 3868 buius
1040 3807 1102 3870 loci
1116 3808 1380 3888 interpretatione
1393 3808 1466 3870 vide
1479 3805 1625 3889 Comelp,
1639 3809 1818 3869 comment.

495 3907 528 3967 in
541 3908 561 3966 ‘l
575 3906 645 3967 Cor.
663 3923 695 3985 p.
711 3905 771 3967 Sil
786 3922 853 3984 seq.

531 4003 646 4075 Quanti
664 4003 821 4064 momenti
835 4020 893 4082 pro
907 4020 942 4065 re
957 4002 1132 4064 christiana
1146 4003 1187 4065 sit
1202 4004 1372 4066 conversio
1387 4003 1493 4077 Sauli,
1512 4002 1585 4067 Cir.
1603 4003 1772 4085 perpendit
1787 4004 1820 4064 in

492 4100 575 4163 bunc
594 4100 727 4162 modum
742 4116 750 4161 τ
768 4124 784 4156 a
800 4102 832 4162 et
847 4117 914 4172 cur,
928 4100 1070 4180 inquies,
1087 4118 1153 4163 non
1173 4102 1213 4163 ab
1231 4100 1326 4163 initio
1345 4100 1377 4162 id
1397 4101 1599 4173 factumest,
1618 4101 1675 4164 sed
1690 4102 1822 4182 posteat

493 4200 534 4261 Ut
559 4198 782 4261 ostenderetur
809 4197 968 4260 Christum
995 4216 1070 4261 vere
1102 4199 1329 4261 resurrexisse.
1357 4199 1417 4272 Qui
1449 4201 1536 4260 enim
1564 4200 1820 4280 persequebatur

493 4296 600 4371 illum,
623 4313 683 4358 nec
703 4295 853 4358 credebat
872 4295 942 4358 eius
961 4301 1100 4359 mortem
1120 4301 1152 4359 et
1175 4297 1466 4370 resurrectionem,
1481 4298 1537 4376 qui
1557 4297 1733 4377 discipulos
1751 4298 1821 4359 eins

492 4396 753 4474 persequebatur,
782 4393 884 4465 unde,
911 4410 1049 4473 quaeso,
1076 4394 1283 4470 credidisset,
1310 4394 1374 4456 nisi
1399 4411 1514 4475 magna
1539 4395 1653 4457 luisset
1675 4395 1821 4457 crucifixi

492 4491 612 4552 vimus?
623 4497 703 4567 esto,
719 4491 767 4553 illi
787 4491 849 4571 ipsi
865 4491 1006 4553 levorem
1023 4492 1227 4554 exhibuerint
1246 4490 1433 4574 (ἐχαρίζοντο),
1449 4492 1524 4571 quid
1544 4491 1584 4554 ad
1607 4494 1691 4555 hunc
1709 4492 1818 4554 dices?

492 4588 641 4666 Alioquin
656 4606 732 4652 vero
750 4588 824 4651 ideo
837 4593 912 4670 post
924 4576 1197 4653 resurrectionem
1211 4591 1357 4662 accessit,
1372 4609 1479 4669 neque
1494 4591 1621 4666 statim,
1636 4595 1671 4652 ut
1686 4589 1818 4652 manile·

491 4685 573 4748 stius
583 4686 686 4766 ipsius
700 4688 819 4750 bellum
835 4687 991 4750 videatur.
1004 4690 1084 4750 Nam
1099 4689 1156 4768 qni
1171 4689 1217 4750 sic
1232 4689 1365 4764 insanit,
1385 4693 1460 4751 utet
1474 4689 1666 4770 sanguinem
1678 4688 1821 4751 eilundat

492 4783 572 4846 etin
586 4801 744 4847 carcerem
763 4784 928 4858 coniiciat,
948 4784 1058 4848 statim
1077 4786 1191 4849 credit.
1213 4788 1284 4849 Non
1304 4787 1381 4849 satis
1403 4792 1472 4849 erat
1490 4786 1578 4867 quod
1598 4804 1673 4851 cum
1694 4785 1819 4850 Christo
