4054 5442
293 332 353 392 106
828 350 894 396 scr.
917 334 1077 408 25,10-12.

291 481 340 549 sic
358 477 405 545 ab
419 501 460 546 eo
473 479 742 572 comprobantur
755 488 857 573 atque
870 486 897 551 si
908 508 930 552 a
942 489 1085 553 caesare
1099 484 1173 573 ipso
1185 486 1282 569 gesta
1295 479 1365 548 sint
1378 507 1394 540 u
1411 479 1611 569 (Ulpianus,

293 592 328 654 L.
348 591 361 652 l
375 589 399 652 b
414 585 458 654 de
472 584 563 655 citio.
582 586 830 679 procuratoris;
847 588 939 656 Beel.
956 592 1054 658 Patr.
1071 590 1156 658 Fell.
1181 585 1335 677 Weadt).

337 698 448 783 Atque
471 693 611 784 insuper
632 692 746 761 reiicit
767 693 893 760 Paulus
914 716 992 761 cum
1016 695 1131 784 aliqua
1150 693 1393 782 indignatione
1415 691 1505 761 iilud
1526 692 1613 760 etiu-

292 800 389 888 gium
402 802 490 867 Festi
504 821 577 866 rem
590 796 947 866 devolvendi-tandem
958 799 1003 866 ad
1016 798 1216 887 synedrium
1231 820 1239 866 :
1256 798 1397 865 Iudaeis
1410 822 1482 866 non
1493 797 1608 883 nocui,

292 913 375 975 εὗδὲν
392 913 521 991 ἠδίκηκα
533 902 624 970 nihil
643 901 807 987 iniuriae,
824 902 913 971 nihil
926 903 1043 973 iniusti
1057 903 1213 971 commisi
1226 908 1347 971 contra
1364 903 1507 972 ludaeos
1520 905 1613 972 sieut

292 1026 329 1079 tu
357 1010 480 1078 melius
508 1007 616 1090 nosti,
642 1013 767 1078 γάλλων
797 1009 926 1099 optime
949 1009 1082 1100 (itam
1104 1008 1192 1099 Bl.);
1220 1008 1372 1077 iudicem
1394 1010 1609 1099 perstringit,

291 1115 385 1207 quod
406 1134 545 1181 causam
566 1112 690 1181 melius
706 1107 934 1206 perspexerit,
955 1137 1060 1207 quam
1074 1113 1346 1203 interrogatione
1361 1112 1422 1181 illa
1436 1114 1613 1205 proposita

291 1221 439 1312 prodere
455 1218 548 1312 velit.
565 1223 604 1287 Et
618 1224 738 1311 aperte
751 1221 910 1290 enuntiat
920 1221 964 1288 ad
978 1221 1064 1311 quid
1078 1221 1218 1290 tandem
1234 1220 1322 1288 illu'd
1338 1220 1412 1288 eius
1430 1220 1611 1288 consilium
1640 1253 1646 1264 ·

290 1331 539 1417 perventurum
557 1331 654 1408 esset,
674 1328 704 1393 si
724 1325 811 1394 iilud
832 1327 1019 1416 acciperet;
1045 1349 1079 1393 v.
1107 1333 1145 1394 11
1170 1326 1311 1393 sienim
1333 1326 1454 1411 nostri,
1475 1338 1538 1394 arel
1556 1324 1613 1392 ‹li-

289 1454 398 1524 qnum
413 1444 522 1500 morte
542 1430 682 1521 aliquid
692 1430 777 1520 feci,
800 1454 870 1499 non
884 1455 1000 1501 recuso
1014 1431 1117 1516 mori,
1135 1437 1161 1500 εἱ
1175 1444 1227 1516 μὲν
1248 1435 1297 1500 οὖν
1313 1431 1338 1499 i.
1357 1455 1387 1500 e.
1405 1454 1483 1500 cum
1496 1432 1613 1522 itaque

289 1539 336 1607 ad
352 1545 450 1607 tuum
466 1537 620 1606 tribunal
634 1536 727 1627 quod
746 1542 797 1605 est
810 1538 962 1606 tribunal
983 1537 1134 1606 &crans
1146 1542 1245 1623 stem,
1265 1537 1295 1605 si
1312 1542 1346 1606 te
1358 1537 1474 1634 iudico
1485 1559 1612 1606 nocens

289 1667 367 1714 sum
390 1650 425 1713 et
451 1644 583 1711 crimen
613 1642 759 1734 capitale
783 1643 925 1727 admisi,
949 1667 971 1712 a
991 1651 1025 1713 te
1052 1643 1175 1734 capitis
1199 1643 1358 1712 damnari
1378 1666 1450 1711 non
1471 1664 1609 1722 reeus0;
1747 1728 1754 1737 ι

289 1751 390 1842 proin
412 1771 434 1818 a
451 1752 674 1840 procuratore
692 1749 767 1817 vult
786 1749 951 1833 iudicari3
969 1750 1127 1819 aeduum
1141 1750 1200 1818 ilie
1218 1749 1385 1817 iudicium
1400 1749 1565 1818 detrectet
1578 1756 1613 1816 et

288 1877 363 1925 rem
393 1853 475 1922 velit
497 1855 542 1922 ad
562 1854 766 1943 synedrium
795 1854 991 1938 devolvere,
1021 1857 1131 1925 cernit
1160 1854 1285 1924 Paulus
1305 1855 1380 1923 fore
1407 1863 1446 1923 ut
1467 1854 1611 1923 arbitrio

288 1959 562 2052 synedristarum
582 1959 753 2044 trudatur,
781 1961 901 2052 utique
921 1960 1160 2053 perimendum
1181 1961 1213 2029 si
1230 1983 1308 2029 cero
1321 1961 1414 2029 nilsil
1427 1973 1476 2028 cst
1495 1982 1611 2028 cerum

288 2090 380 2159 qrece
400 2066 441 2134 lri
454 2076 623 2136 accusent
638 2087 710 2150 me,
729 2089 829 2135 nemo
843 2080 958 2160 potest
979 2060 1032 2136 ine
1052 2067 1123 2137 illis
1141 2067 1272 2136 donare
1285 2076 1469 2157 χαρίζεσθαι,
1486 2065 1609 2136 utscil.

289 2174 388 2264 quusi
403 2173 446 2241 de
461 2172 551 2240 dono
565 2172 732 2259 benevole
749 2174 830 2241 dato
846 2196 910 2264 pro
924 2173 1037 2243 lubitu
1050 2174 1244 2265 disponant.
1262 2178 1386 2242 Severe
1400 2178 1518 2241 monet
1528 2193 1613 2264 pro·

288 2284 487 2348 curatorem
508 2279 635 2368 (nemo)
655 2279 699 2347 de
717 2279 792 2347 iure
811 2277 952 2362 violato;
974 2280 1066 2348 unde
1088 2284 1267 2349 Cursorem
1282 2278 1439 2370 appello,
1465 2299 1612 2371 provoco

289 2384 335 2454 ad
359 2388 556 2469 Caesarem
581 2384 648 2452 hoc
667 2385 721 2453 ius
743 2385 1203 2477 ainhunaltproeuratoris
1224 2384 1271 2452 ad
1289 2388 1468 2453 Caesarm
1490 2405 1612 2475 provo-

289 2490 389 2560 candi
401 2489 623 2581 competebat
635 2489 703 2558 civi
717 2511 861 2560 romano
877 2491 935 2580 (ct.
949 2493 1151 2576 Mommsen,
1166 2497 1264 2561 Rom.
1281 2490 1490 2560 Staatsrecht
1503 2496 1537 2558 2.
1551 2489 1609 2558 ed.

289 2601 317 2665 11
340 2620 376 2687 p.
403 2597 493 2687 258).
519 2594 646 2665 Paulus
672 2618 715 2665 eo
737 2596 901 2665 libentius
918 2597 994 2666 iure
1009 2620 1071 2666 suo
1090 2598 1209 2681 utitur,
1228 2598 1312 2688 quia
1332 2603 1476 2667 Romam
1496 2595 1612 2665 venire

289 2704 360 2772 iam
381 2702 443 2770 diu
464 2701 685 2771 desiderabat
708 2701 842 2792 (19,2t;
870 2710 985 2787 23,st
1011 2708 1108 2772 Rom.
1138 2710 1233 2785 1,10;
1266 2709 1366 2789 15,2s
1388 2701 1611 2793 cupiditatem

289 2808 424 2876 habens
437 2806 601 2876 veniendi
615 2806 661 2875 ad
673 2828 732 2875 vos
745 2830 785 2876 cx
799 2808 916 2876 multis
927 2809 994 2876 iam
1011 2807 1302 2898 praecedentibus
1314 2808 1443 2897 annm).

334 2918 381 2983 Ex
403 2937 435 2981 v.
460 2921 498 2982 11
522 2912 662 2981 videtur
682 2914 848 3005 consequi
864 2914 1009 2983 Paulum
1029 2936 1230 3006 provocasse
1249 2913 1295 2982 ad
1308 2919 1488 2983 Caesarem
1504 2935 1545 2981 ea
1559 2935 1608 2980 so·

289 3021 362 3088 lum
388 3018 602 3103 conditione,
627 3018 657 3087 si
686 3023 801 3088 Festus
825 3041 962 3089 causam
989 3019 1094 3088 vellet
1116 3019 1300 3088 devolvere
1326 3018 1371 3087 ad
1395 3018 1607 3109 synedrium.

290 3125 490 3194 Provocatio
511 3124 556 3194 ad
579 3130 759 3194 Caesarem
781 3130 918 3217 poterat
940 3148 962 3194 s
983 3126 1187 3213 magistratu
1213 3125 1366 3213 negligi,
1392 3125 1421 3193 si
1443 3145 1607 3212 magnum

209 3241 214 3250 '
291 3230 469 3323 quoddam
486 3230 682 3322 periculum
702 3230 899 3300 immineret
918 3235 977 3299 aut
995 3233 1025 3300 si
1045 3233 1136 3300 iacta
1153 3236 1239 3299 esset
1257 3231 1331 3300 sine
1346 3230 1533 3299 sufficienti
1555 3251 1610 3297 rs-

290 3337 385 3406 tione
400 3337 457 3426 (ct.
482 3335 638 3426 Wmdt);
660 3359 701 3405 cx
716 3338 791 3405 iure
806 3345 920 3406 autem
939 3343 1017 3406 ante
1034 3339 1239 3407 sententiam
1254 3336 1424 3429 appellari
1439 3341 1566 3428 potest,
1582 3336 1610 3402 si

290 3441 528 3537 quaestionem
548 3442 586 3510 in
604 3441 698 3511 civiti
717 3444 857 3532 negotio
872 3442 1066 3512 habendam
1079 3445 1181 3512 iudex
1195 3442 1417 3512 interlocutus
1432 3442 1492 3525 sit,
1509 3441 1563 3509 vel
1576 3441 1611 3509 iu

290 3548 479 3630 criminali,
507 3548 536 3616 si
554 3554 676 3617 contra
698 3549 794 3637 teges
818 3549 885 3617 hoc
905 3549 1390 3641 iaciat-(Digest.XL1X,5,2;
1417 3546 1608 3636 Welsteia).

290 3657 388 3725 ttoris
407 3661 483 3725 erat
508 3661 547 3722 ut
570 3656 794 3744 magistratus
817 3655 986 3725 haberent
1011 3655 1048 3723 in
1079 3655 1154 3724 iure
1177 3655 1329 3724 dicundo
1349 3676 1535 3723 assessores
1557 3652 1610 3719 ret

290 3762 503 3832 consiliarios
524 3760 592 3853 (Bl.
602 3781 618 3846 ,·
640 3761 796 3854 exempla
814 3762 912 3831 adert
932 3761 1079 3830 Sclrttrer
1099 3766 1111 3830 1
1132 3784 1167 3852 p.
1189 3761 1287 3851 391);
1309 3759 1402 3829 unde
1418 3782 1451 3827 r.
1475 3765 1516 3827 12
1531 3771 1611 3826 turm
1634 3760 1639 3766 ’

291 3872 411 3937 Festus
441 3891 519 3937 cum
552 3867 700 3936 concilio
725 3867 874 3955 locutus,
902 3867 1075 3959 reprendit
1100 3890 1114 3934 .·
1137 3868 1317 3937 Gaesarem
1340 3865 1543 3959 appellasti,
1566 3863 1614 3931 ad

292 3979 473 4047 Gaesarem
497 3974 584 4062 idis,·
606 3973 800 4067 putandum
817 3996 899 4043 sano
918 3980 967 4042 est
986 3977 1121 4042 Festum
1140 3994 1217 4041 eam
1233 3972 1449 4042 occasionem
1463 3971 1612 4041 libenter

257 4119 266 4133 ·
289 4082 494 4174 arripuisse,
520 4104 591 4173 qua
604 4103 641 4149 se
660 4104 681 4150 a
699 4103 804 4150 causa
823 4080 963 4149 molesta
979 4079 1160 4163 liberaret3
1181 4079 1210 4146 si
1229 4079 1322 4147 enim
1337 4079 1481 4149 Paulum
1496 4075 1611 4148 absol·

290 4192 409 4271 visset,
427 4188 615 4257 maximam
629 4208 665 4255 se
678 4186 857 4256 incurrere
870 4186 999 4255 sciebat
1011 4185 1217 4256 Iudaeorum
1231 4184 1416 4267 invidiam
1433 4204 1513 4253 eum
1529 4203 1609 4250 vero

289 4296 527 4367 condemnare
546 4315 617 4384 qua
634 4297 709 4362 crat
730 4294 903 4384 aequitate
919 4314 990 4362 non
1008 4294 1120 4385 potuit
1135 4293 1192 4384 (ct.
1210 4315 1243 4359 v.
1262 4296 1330 4379 25).
1350 4295 1389 4359 Et
1403 4310 1506 4381 quam
1526 4287 1612 4357 cete·

290 4407 375 4474 riter
387 4403 483 4471 illam
499 4400 715 4470 oecumenem
729 4398 925 4491 arripuerit,
946 4405 1040 4491 patet
1053 4401 1135 4492 quis
1148 4421 1228 4468 mox
1241 4395 1476 4489 conqueritur,
1495 4417 1530 4463 se
1542 4415 1611 4462 non

290 4512 421 4581 habere
434 4507 521 4602 quid
535 4512 671 4578 certum
683 4505 812 4576 scribat
824 4505 870 4577 ad
883 4510 1071 4576 Caesarem.
