4128 5442
1089 366 1160 419 sor.
1183 352 1247 423 2,4.
1792 354 1831 414 43

496 508 568 597 qui.
593 511 634 574 ut
658 516 739 573 cum'
763 502 916 570 Christus
939 500 1010 567 iam
1033 499 1232 601 promiserit
1257 498 1418 588 :linguis
1442 499 1627 591 loquentur
1653 505 1771 587 novis,
1795 503 1832 570 in

396 698 400 705 ἱ
496 635 567 704 qua
584 608 814 704 promissione
829 607 874 674 de
898 606 1067 675 miraculo
1082 606 1220 675 auditus
1233 628 1277 674 ne
1290 606 1436 695 cogitari
1457 606 1598 699 quidem
1618 612 1750 697 potest,
1768 631 1832 676 eur

496 722 638 790 tandem
654 722 692 784 in
704 717 851 785 dubium
863 722 950 785 esset
959 717 1152 785 vocandum
1166 716 1260 807 quod
1274 717 1361 783 adeo
1376 716 1532 784 distincte
1546 716 1604 784 hic
1615 714 1832 784 affirmatur?

541 831 674 907 Festum
695 824 868 915 paschatis
888 824 1133 892 liberationem
1155 844 1196 890 ex
1217 823 1379 890 servitute
1408 822 1446 889 in
1464 824 1667 891 memoriam
1686 844 1830 890 revoca·

496 933 569 999 bat.
587 934 635 997 Eo
652 929 772 1021 itaque
788 936 943 1021 tempore
962 928 1118 997 Christus
1133 927 1298 996 liberator
1312 927 1507 996 libertatem
1522 929 1756 1020 spiritualem,
1781 950 1832 997 re-
1937 926 1941 931 ’
1983 922 1987 927 ’
2015 982 2020 991 .

497 1036 738 1128 demptionem
752 1060 794 1105 ex
808 1036 1006 1126 captivitate
1021 1036 1152 1127 peccati
1167 1039 1201 1102 et
1215 1034 1336 1103 mortis
1359 1035 1458 1103 nobis
1477 1034 1668 1126 promeruit
1686 1043 1722 1103 et
1740 1039 1832 1103 attu-

496 1145 549 1212 lit.
579 1148 778 1213 Pentecoste
802 1143 928 1210 festum
948 1148 1001 1211 est
1033 1142 1152 1235 messis
1180 1140 1249 1233 (Ex.
1279 1140 1410 1232 unffi),
1434 1142 1666 1232 primitiarum
1687 1142 1831 1229 frugum

497 1252 614 1330 messis
632 1250 789 1317 triticeae
810 1249 883 1340 (Ex.
902 1248 1034 1339 ΜΞ).
1052 1249 1148 1317 Unde
1167 1247 1255 1316 bene
1273 1247 1351 1317 Otr.
1369 1272 1382 1316 .·
1397 1277 1413 1310 u
1430 1270 1518 1338 quae
1538 1254 1590 1316 est
1607 1249 1693 1317 haec
1709 1253 1832 1339 pente-

498 1358 614 1425 coste?
629 1356 799 1425 cumfslx
822 1355 991 1425 mittenda
1014 1360 1102 1424 esset
1118 1355 1164 1424 ,in
1184 1376 1326 1423 messem
1348 1354 1566 1445 (triticeam),
1592 1376 1672 1422 cum
1697 1356 1832 1422 fructus

497 1468 614 1531 essent
627 1462 837 1549 colligendi;
854 1462 974 1530 vidisti
988 1465 1138 1552 typum?
1157 1461 1236 1529 vide
1253 1461 1325 1529 iam
1339 1463 1529 1529 veritatem.
1545 1465 1640 1530 Cum,
1650 1467 1744 1528 esset.
1758 1461 1830 1528 falx

496 1571 667 1637 sermonis
682 1567 919 1649 immittenda,
937 1590 1018 1635 cum
1038 1568 1156 1635 messis
1179 1567 1392 1656 colligenda,
1410 1571 1491 1636 tuno
1510 1567 1656 1658 Spiritus
1673 1573 1712 1635 ut
1730 1573 1832 1636 acute
1905 1592 1908 1597 ¹

497 1676 569 1743 falx
583 1673 727 1743 advolat
757 1702 788 1740 a.
815 1679 887 1742 lam
906 1675 1001 1742 enim
1023 1674 1154 1742 fructus
1178 1674 1228 1741 illi
1253 1673 1437 1761 colligendi
1469 1680 1567 1742 erant
1588 1696 1674 1765 quos
1704 1672 1833 1741 Christi

442 1864 445 1867 ι
498 1782 660 1850 doctrina
686 1785 728 1849 et'
741 1782 853 1873 passio
878 1782 1119 1851 seminaverat.
1140 1779 1299 1850 Adventu
1328 1781 1473 1873 Spiritus
1495 1780 1605 1849 sancti
1635 1781 1833 1849 induuntur
1904 1816 1911 1841 ι

500 1889 648 1980 apostoli
662 1889 789 1955 virtute
805 1910 846 1955 ex
862 1887 950 1972 alto,
967 1887 1210 1978 promulgatur
1224 1909 1313 1954 nova
1327 1887 1383 1954 lex
1397 1888 1434 1954 in
1454 1909 1612 1956 sermone
1632 1887 1744 1970 Petri,
1764 1886 1833 1955 sol·

499 1995 608 2064 lemni
629 1992 735 2061 modo
749 1995 902 2063 Ecclesia
920 1993 1050 2062 exsistit
1063 1998 1097 2061 et
1111 1995 1350 2062 manifestatur
1363 1995 1478 2062 statim
1495 1999 1674 2085 tamquam
1689 1993 1833 2062 uuiver-

499 2101 592 2171 salis.
611 2106 666 2169 Est
676 2100 795 2191 itaque
810 2100 883 2168 dies
895 2101 953 2168 hic
964 2100 1038 2168 dies
1053 2102 1223 2168 nascentis
1238 2100 1422 2185 Ecclesiac;
1435 2100 1562 2168 iterum
1574 2102 1672 2191 quasi
1685 2100 1833 2192 Spiritus

502 2214 641 2277 sanetus
658 2207 770 2274 fertur
784 2229 890 2297 super
906 2228 1013 2298 aquas
1027 2212 1067 2275 ut
1077 2229 1118 2275 ex
1132 2207 1309 2275 elementis
1324 2207 1480 2276 efformet
1495 2228 1624 2276 novum
1644 2205 1828 2275 mundum.

501 2319 567 2383 Lex
584 2313 736 2382 mosaica
748 2313 830 2381 data
846 2318 896 2382 est
909 2336 1026 2382 mense
1040 2315 1142 2382 tertio
1156 2314 1360 2403 egressionis
1372 2314 1474 2381 lsrael
1491 2313 1534 2381 de
1552 2317 1729 2404 Aegypt03
1751 2334 1832 2407 oum

501 2423 629 2490 festum
641 2425 860 2488 Pentecostes
880 2422 985 2488 etiam
1001 2419 1133 2488 incidat
1153 2419 1191 2487 in
1212 2441 1365 2488 mensem
1387 2420 1528 2488 tertium
1540 2425 1643 2502 ‚orta
1663 2426 1715 2488 est
1735 2418 1832 2511 apud

503 2529 647 2597 ludaeos
659 2528 866 2617 posteriores
878 2513 996 2617 opinio
1012 2526 1108 2596 huno
1126 2526 1218 2595 diem
1234 2550 1306 2595 esse
1322 2526 1595 2595 anniversarium
1609 2526 1698 2612 legis
1710 2525 1830 2610 datae,

502 2634 558 2701 vel
571 2633 709 2700 tabulas
728 2634 815 2720 legis
833 2632 1085 2701 secundasesse
1106 2655 1147 2700 eo
1171 2633 1227 2701 die
1242 2632 1339 2700 datas
1366 2638 1401 2700 et
1422 2634 1468 2701 itu
1493 2633 1610 2701 ludaei
1625 2633 1719 2700 hunc
1738 2632 1833 2700 diem

502 2739 707 2810 sollemnem
722 2738 900 2807 habebant
915 2741 951 2806 in
965 2740 1169 2807 memoriam
1184 2738 1422 2827 legislationis.
1435 2743 1526 2817 Quae
1544 2738 1663 2831 opinio
1680 2740 1834 2830 primum

503 2846 669 2914 asseritur
680 2847 719 2913 in
738 2850 887 2914 tractatu
910 2844 1064 2913 Pesictba
1083 2844 1190 2937 (apud
1213 2843 1355 2936 Upolini
1371 2850 1397 2913 t.
1426 2851 1466 2913 16
1485 2869 1521 2937 p.
1541 2844 1621 2937 tto)
1641 2850 1675 2913 et
1696 2867 1768 2936 qua
1782 2866 1836 2911 ra·

503 2953 597 3020 tione
615 2951 692 3020 dies
704 2952 811 3019 festus
831 2952 922 3039 legis
940 2951 1041 3020 datae
1057 2937 1267 3037 celebretur,
1283 2952 1403 3020 scribit
1423 2952 1578 3037 Buxtori,
1595 2951 1640 3019 de
1657 2972 1838 3040 synagoga

503 3057 668 3149 (Upolini
678 3064 704 3126 t.
725 3066 745 3127 t
759 3080 795 3147 p.
814 3060 907 3149 997).
926 3063 1015 3126 llaec
1030 3057 1149 3150 opinio
1162 3059 1263 3126 etiam
1277 3057 1486 3150 quandoque
1497 3058 1653 3142 affertur,
1667 3062 1706 3128 ut
1720 3056 1838 3125 decla·

505 3170 612 3249 retur,
637 3186 701 3233 cur
721 3164 867 3255 Spiritus
886 3170 1024 3232 sanetus
1046 3188 1088 3234 eo
1115 3164 1173 3233 die
1196 3164 1322 3233 effusus
1340 3166 1384 3233 sit
1407 3165 1444 3233 in
1471 3163 1675 3256 discipulos,
1699 3163 1773 3232 scil.
1800 3170 1838 3231 ut

504 3270 708 3338 ostendatur
731 3272 896 3360 Spiritum
921 3278 1078 3339 sanctum
1107 3277 1141 3338 ot
1164 3276 1246 3340 tune
1270 3271 1382 3360 legem
1404 3270 1521 3340 tulisse
1547 3277 1583 3339 et
1605 3293 1697 3340 nunc
1719 3270 1834 3359 legem

505 3377 597 3445 ferre
618 3376 814 3467 (thopt.);
836 3378 869 3445 ci
885 3399 1022 3468 quoque
1040 3376 1229 3446 sententiae
1248 3378 1418 3447 caleulum
1440 3377 1609 3446 adiiciunt
1626 3377 1836 3446 Seuerianus

421 3492 424 3497 ‘
509 3482 560 3574 (in
573 3483 670 3571 cat),
686 3482 798 3570 Beda,
822 3483 926 3553 uara.
943 3488 1030 3575 Lep.
1048 3483 1172 3552 Reelcn
1183 3483 1330 3575 aliique;
1345 3485 1451 3553 immo
1464 3483 1695 3576 Hieronymus
1709 3483 1835 3553 scribit

505 3589 748 3657 confidenter:
769 3619 785 3651 «
806 3595 1033 3681 supputemus
1055 3612 1240 3658 numemm
1260 3596 1295 3658 et
1312 3590 1527 3659 inveniemus
1543 3591 1835 3683 quinquagesimo

507 3696 564 3764 die
580 3696 785 3784 egressionis
798 3696 900 3765 lsrael
912 3719 952 3764 ex
962 3702 1118 3789 Aegypto
1132 3699 1168 3764 in
1182 3698 1307 3767 vertice
1324 3700 1447 3766 montis
1462 3697 1556 3766 Sinai
1569 3698 1683 3787 legem
1694 3697 1832 3767 datam:

507 3801 649 3871 undeet
665 3809 880 3871 Pentecostes
901 3803 1099 3872 celebratur
1114 3805 1325 3873 sollemnitas
1339 3810 1373 3872 et
1395 3809 1512 3897 postea
1529 3803 1705 3894 evangelii
1723 3825 1837 3873 sacra·

509 3914 665 3976 mentum
684 3909 831 3998 Spiritus
844 3911 950 3977 sancti
964 3908 1186 3978 descensione
1198 3912 1404 4003 completur,
1421 3917 1458 3980 ut
1473 3911 1561 3980 sicut
1581 3910 1691 4001 priori
1705 3910 1836 4003 populo

509 4015 799 4106 quinquagesimo
820 4015 893 4100 die,
916 4039 997 4083 vero
1018 4015 1170 4084 iubilaeo
1189 4023 1223 4086 et
1241 4039 1322 4086 vero
1345 4039 1436 4086 anno
1459 4016 1669 4086 remissionis
1686 4022 1722 4086 et
1747 4017 1840 4084 veris

509 4121 768 4213 quinquaginta
790 4127 825 4191 et
850 4123 1049 4212 quingentis
1071 4123 1241 4208 denariis,
1263 4124 1324 4216 qui
1356 4123 1568 4193 debitoribus
1598 4123 1836 4207 remittuntur,

511 4229 567 4297 lex
584 4228 668 4295 data
685 4232 755 4314 est,
772 4229 1080 4321 apostolisquoque
1090 4235 1125 4298 et
1138 4230 1201 4322 qui
1215 4253 1295 4301 cum
1310 4231 1359 4300 eis
1377 4237 1491 4315 erant,
1506 4232 1545 4299 in
1555 4234 1696 4300 centum
1712 4228 1839 4319 viginti

511 4335 683 4403 mosaicae
703 4335 824 4404 aetatis
844 4357 989 4404 nomem
1008 4336 1218 4421 constitutis,
1245 4337 1461 4406 descenderit
1479 4336 1624 4429 Spiritus
1657 4341 1794 4406 sanctus
1821 4363 1837 4398 u

515 4439 585 4532 (ep.
606 4440 654 4509 ad
672 4439 801 4510 Fabiol.
823 4443 867 4511 de
880 4442 1189 4528 timansionibus3
1206 4464 1316 4515 muns.
1335 4451 1393 4526 123
1409 4447 1459 4513 Μ.
1472 4444 1626 4534 tisun).
1641 4449 1690 4513 Eo
1712 4442 1771 4511 dio
1791 4443 1841 4511 le·

513 4568 594 4635 gem
608 4547 727 4616 datam
740 4570 825 4633 esse,
845 4555 911 4618 Leo
931 4555 1071 4638 llaguus
1085 4572 1224 4642 quoque
1241 4556 1356 4621 censet
1377 4550 1434 4641 (de
1448 4555 1582 4624 Penteo.
1603 4572 1706 4621 serm.
1730 4557 1766 4632 13
1787 4551 1837 4616 M.

513 4653 668 4745 stunt).
691 4655 759 4723 Sed
776 4656 910 4724 nullum
931 4660 982 4726 est
995 4657 1069 4724 eius
1081 4656 1131 4724 rei
1149 4656 1317 4726 indicium
1331 4680 1444 4749 neque
1464 4657 1502 4725 in
1520 4680 1548 4727 s.
1564 4655 1707 4742 litteris,
1725 4678 1839 4747 neque

512 4759 608 4850 apud
628 4760 810 4831 Philonem
837 4763 894 4831 vel
915 4764 1111 4855 losephum.
