4092 5490
259 324 319 385 236
795 345 862 390 aar.
888 329 1048 403 iilo-li,

256 471 327 538 illis
339 470 456 540 oblata
469 472 512 542 sit
525 444 629 560 salus.
644 476 798 563 graviter
814 479 940 554 monet,
957 495 1001 539 ne
1015 473 1109 538 illius
1123 438 1340 558 negligentes
1352 492 1389 539 se
1401 474 1586 543 exhibeant

254 600 289 644 v.
307 584 349 646 tt)
362 578 473 648 videte
489 604 571 672 erqo
588 604 631 650 ue
648 579 866 670 superveniat
886 578 977 644 robis
1001 575 1098 665 quod
1120 576 1252 643 dictum
1274 578 1325 644 cst
1342 576 1380 643 in
1393 577 1588 667 prophetis,'

253 684 278 753 i.
295 706 326 752 e.
343 686 487 762 inlibro
501 688 767 777 prophetarum,
782 684 866 750 Hab.
888 689 961 763 1,5;
982 705 1014 750 ν.
1030 690 1069 751 ll
1088 682 1200 751 ridete
1210 696 1455 775 contemptores
1470 695 1503 750 et
1521 684 1584 751 ud·
1686 720 1690 727 ·

253 791 436 859 miremini
451 794 490 859 ‘et
515 789 775 879 disperdimini,
800 788 885 877 qrct'a
907 809 993 879 opus
1014 811 1138 880 operor
1158 813 1221 881 eqo
1244 791 1282 859 in
1301 789 1421 859 diebus
1444 790 1580 877 vestris,

252 919 339 989 opus
355 895 453 988 quod
461 917 532 962 nou
547 893 704 977 credetis,
720 894 752 960 si
766 895 843 985 quis
855 898 1068 964 enarraverit
1082 898 1198 982 vobim
1211 898 1382 985 propheta
1400 895 1584 965 annuntiat

215 1036 218 1041 >
252 1002 383 1092 populo
401 999 597 1067 contumaci
618 1005 653 1067 et
671 1000 794 1068 rebelli
812 1023 961 1092 poenam
986 1007 1020 1070 et
1038 1001 1230 1069 vindictam
1256 1001 1316 1067 Dei
1333 1000 1507 1088 insignem
1520 1024 1584 1092 per

254 1104 444 1175 Chaldaeos
457 1106 692 1174 exercendem.
714 1112 820 1175 llonet
844 1108 961 1196 itaque
984 1106 1179 1195 apostolus,
1200 1127 1247 1174 ne
1268 1105 1412 1173 salutem
1432 1105 1581 1173 oblatam

255 1213 513 1279 contemnentes
528 1210 633 1279 simili
650 1234 782 1302 poenae
803 1212 940 1279 obnoxii
962 1210 1060 1279 fiant.
1077 1215 1187 1288 Quam
1204 1210 1369 1279 terribilis
1391 1210 1510 1279 futura
1533 1210 1578 1277 sit

189 1300 193 1309 ⁸
255 1336 383 1404 poena,
399 1315 574 1385 indicatur
584 1339 625 1385 eo
642 1318 736 1406 quod
750 1338 887 1383 omnem
903 1316 1009 1384 fidem
1023 1338 1189 1408 superare
1207 1317 1335 1386 dieitur
1349 1323 1385 1386 et
1402 1317 1507 1408 plane
1527 1316 1582 1383 in-

255 1420 432 1495 credibilis
442 1422 591 1489 videtur.
608 1421 698 1488 Olim
717 1420 832 1488 ludaei
850 1443 913 1511 per
937 1422 1129 1491 Chaldaeos
1151 1422 1273 1491 aitlioti
1293 1431 1373 1491 sunt
1390 1429 1425 1491 et
1441 1423 1581 1491 demum

252 1525 290 1594 in
302 1527 537 1617 captivitatem
556 1524 697 1593 abdumi
715 1526 802 1594 urbe
818 1529 1015 1617 temploque
1042 1528 1246 1608 destruetis3
1271 1527 1389 1597 ludaei
1409 1527 1581 1596 increduli

252 1632 431 1718 evangelio
443 1630 575 1720 pariter
588 1629 675 1697 urbe
690 1630 886 1721 temploque
901 1632 1025 1699 dirutis
1038 1637 1212 1723 perpetuo
1228 1632 1346 1701 exsilio
1360 1634 1474 1722 puniti
1485 1637 1576 1700 sunt.

296 1739 363 1802 Cur
381 1733 473 1802 hisce
499 1736 600 1803 minis
622 1737 796 1825 apostolus
817 1737 1016 1822 concludat,
1039 1738 1183 1806 fortasse
1204 1737 1396 1806 miraberis.
1423 1736 1491 1804 Sed
1509 1757 1580 1803 non

243 1840 314 1929 erit
337 1839 569 1931 improbabile
591 1844 784 1932 apostolum
814 1865 854 1910 ex
879 1864 998 1911 eorum
1024 1844 1123 1911 vultu
1152 1843 1343 1932 habituque
1375 1842 1579 1929 cognovisse

248 1946 468 2034 evangelium
483 1947 527 2016 ab
540 1947 582 2014 iis
596 1970 665 2015 non
681 1948 786 2038 recipi
797 1949 852 2015 vel
865 1949 986 2019 saltem
996 1948 1106 2017 animi
1118 1947 1431 2039 promptitudinem
1442 1946 1575 2045 deesse;

246 2073 354 2143 quare
376 2052 478 2120 minis
511 2052 639 2121 additis
669 2054 866 2121 tarditatem
891 2075 1013 2121 eorum
1043 2053 1290 2122 stimulandam
1314 2075 1386 2121 esse
1424 2053 1575 2137 censuit3
1622 2039 1627 2046 ’

246 2161 399 2224 ceterum
413 2158 490 2225 vide
504 2181 537 2226 v.
555 2164 596 2227 t5
614 2181 685 2248 seq.
704 2160 742 2226 ld
755 2160 877 2228 saltem
891 2159 1044 2227 obtinuit
1059 2159 1155 2251 apud
1169 2181 1304 2244 omnes,
1319 2158 1499 2227 utiterum
1514 2181 1578 2227 au·

246 2260 321 2328 dire
332 2261 468 2329 ‚vellent
481 2264 661 2352 complura
675 2263 718 2331 de
731 2266 796 2333 hoc
807 2287 898 2333 novo
913 2265 1034 2334 nuntio
1050 2288 1083 2333 v.
1098 2272 1142 2335 ti
1157 2266 1358 2333 exeuntibus
1372 2275 1490 2333 eutem
1505 2263 1576 2331 illis

61 2348 64 2352 Δ
118 2413 121 2417 -
246 2369 430 2457 repebant,
452 2381 489 2435 ul
507 2370 664 2459 sequenti
675 2369 813 2438 subbato
829 2371 1049 2461 loquerentur
1060 2369 1130 2438 sior·
1141 2372 1243 2439 verbe
1256 2370 1339 2438 leuce
1353 2374 1443 2452 εἱςτὸ
1462 2373 1575 2454 ’μεταξὺ

246 2477 406 2557 cithares,
420 2473 464 2540 el.
483 2478 563 2542 Luc.
584 2481 662 2562 ,13,9
678 2475 720 2542 de
738 2476 798 2543 tali
819 2476 960 2543 notione
976 2481 1032 2561 εἱς;
1055 2480 1167 2561 μεταξύ
1183 2497 1202 2543 e
1223 2475 1354 2543 rariore
1376 2473 1574 2564 posterioris

179 2581 188 2596 ⁰
243 2578 441 2664 graecitatis
453 2601 517 2647 usu
529 2580 704 2667 significat
718 2594 854 2671 postea.

284 2762 392 2825 Oratio
415 2764 493 2825 haec
515 2766 620 2838 Pauli,
642 2785 705 2845 qua
729 2768 851 2828 ludaeis
875 2767 1017 2845 primum
1040 2769 1080 2830 de
1111 2769 1181 2830 lesu
1205 2767 1362 2829 nuntium
1383 2766 1486 2840 affert,
1509 2783 1573 2828 non

241 2863 384 2938 poterat,
413 2866 449 2921 ut
473 2858 524 2920 Bt.
552 2863 632 2924 bene
657 2863 806 2935 advertit,
829 2864 969 2925 multum
994 2865 1122 2926 differre
1145 2866 1197 2926 vel
1225 2884 1245 2926 a
1271 2865 1356 2926 Petri
1377 2864 1573 2926 orationibus

243 2955 326 3036 (cap.
342 2958 373 3017 2.
394 2956 426 3035 3)
441 2959 525 3018 vela
544 2959 729 3021 defensione
747 2961 900 3038 Stephani
920 2960 959 3039 (c.
979 2960 1026 3042 7);
1045 2978 1122 3023 nam
1144 2966 1177 3024 et
1196 2963 1391 3025 conveniens
1412 2965 1479 3023 erat
1498 2977 1572 3023 cum

244 3053 386 3132 antiquis
396 3056 453 3115 Dei
463 3055 496 3114 in
508 3057 662 3134 populum
677 3057 840 3118 beneficiis
855 3058 1049 3136 coniungere
1064 3059 1293 3130 novissimum,
1307 3062 1339 3121 et
1353 3056 1572 3120 necessarium

243 3149 283 3211 de
300 3151 373 3211 lesu
388 3151 518 3224 docere,
534 3170 637 3231 neque
651 3154 759 3215 minus
773 3155 1003 3232 prophetarum
1018 3155 1165 3235 legisque
1177 3155 1265 3217 locos
1283 3154 1435 3217 adbibere
1451 3154 1571 3232 quibus

244 3248 284 3308 de
295 3247 351 3309 illo
360 3248 561 3326 praedictum
576 3256 654 3311 erat.
668 3250 772 3322 Quare
785 3251 939 3329 exaliqua
951 3251 1199 3330 cumprioribus
1211 3251 1423 3313 similitudine
1437 3267 1502 3312 non
1512 3267 1570 3328 po-

243 3348 307 3406 test
325 3345 437 3405 inferri
455 3346 637 3407 orationem
650 3364 718 3408 non
739 3363 807 3407 esse
822 3346 963 3408 habitam
978 3366 997 3408 a
1016 3349 1133 3419 Paulo,
1150 3348 1207 3408 sed
1227 3365 1246 3408 a
1264 3348 1419 3426 scriptore
1442 3364 1480 3408 ex
1498 3344 1569 3416 aliis

243 3442 467 3521 compositam.
483 3444 517 3504 ld
531 3449 640 3505 temen
656 3445 751 3504 statui
768 3445 807 3504 ab
822 3444 981 3522 aliquibus
1000 3445 1124 3506 criticis
1145 3441 1286 3523 (Wandt,
1310 3442 1406 3504 Weiss
1421 3442 1570 3522 aliisque)

242 3539 360 3600 mirum
377 3545 518 3601 nonest.
541 3541 648 3602 Oratio
669 3547 717 3602 est
736 3542 811 3601 satis
829 3541 934 3602 brevis
958 3546 990 3602 et
1009 3545 1096 3620 apta.
1119 3541 1336 3603 Nihilominus
1359 3541 1463 3602 critici
1484 3540 1570 3601 varia

242 3635 567 3713 deprehendisse-sibi
581 3639 736 3711 videntur,
754 3656 835 3715 quae
849 3637 1135 3716 interpolationem
1151 3637 1319 3699 cuiusdam
1334 3660 1348 3692 t
1365 3637 1566 3698 reductoris»

241 3732 389 3809 prodant.
406 3734 452 3793 lta
467 3731 567 3812 Soros
578 3734 767 3814 interpolata
785 3751 854 3794 esse
868 3734 935 3795 vult
950 3752 981 3795 v.
995 3736 1100 3794 27-31.
1118 3735 1226 3808 3l·37·‚
1239 3735 1319 3795 item
1333 3729 1468 3795 Clemen.
1486 3733 1569 3793 llaec

239 3832 350 3889 aulem
365 3827 459 3907 plane
474 3832 654 3892 necessaria
672 3836 756 3893 sunt.
774 3834 852 3891 Nam
870 3848 949 3892 cum
969 3831 1173 3910 synedristae
1188 3832 1297 3892 lesum
1316 3830 1412 3909 morti
1427 3828 1568 3890 addixis-

239 3928 321 3996 sent,
338 3941 445 3986 nonne
460 3925 541 3989 haee
555 3934 621 3989 erat
636 3928 769 3989 oliensio
786 3929 939 4002 maxima,
958 3945 1022 4005 qua
1041 3928 1153 3990 ludaei
1178 3928 1278 3989 exteri
1296 3944 1314 3987 a
1333 3927 1396 3988 lide
1419 3929 1568 4005 poterant

238 4020 392 4080 retineri?
407 4023 501 4083 Proin
516 4022 619 4083 debuit
634 4026 756 4086 ostendi
776 4025 907 4086 illorum
924 4025 1039 4104 agendi
1061 4025 1197 4087 modum
1216 4040 1280 4085 non
1297 4024 1403 4085 solum
1419 4040 1483 4084 non
1497 4022 1566 4083 oill-

238 4132 325 4187 cern,
342 4134 455 4179 verum
473 4119 690 4182 demonstrare
707 4124 814 4183 lesum
830 4140 900 4184 esse
920 4123 1081 4184 Messium.
1099 4124 1140 4183 Et
1156 4123 1231 4201 quis
1246 4121 1352 4183 dicere
1366 4124 1474 4200 potest
1491 4136 1566 4199 pro-

237 4215 401 4276 bationem
415 4218 655 4278 resurrectionis
670 4236 728 4296 per
747 4224 845 4280 testes
864 4225 895 4280 et
913 4237 971 4299 per
987 4219 1165 4299 prophetas
1181 4219 1325 4298 potuisse
1339 4215 1471 4279 deesset
1485 4219 1565 4278 Puto

237 4311 263 4371 si
287 4312 366 4374 hacc
389 4313 566 4376 defuissent
592 4315 624 4374 in
649 4316 801 4388 oratione,
828 4316 956 4378 criticos
981 4317 1124 4379 dicturos
1159 4316 1272 4387 luisse,
1297 4314 1477 4376 orationem
1500 4314 1564 4374 iam

238 4409 365 4471 ostendi
379 4411 530 4489 spuriam,
548 4412 625 4490 quia
640 4413 788 4473 deessent
802 4430 884 4490 quaa
900 4432 958 4492 pro
971 4415 1097 4476 ludaeis
1111 4413 1206 4493 plane
1221 4412 1358 4473 luissent
1370 4410 1561 4493 necessaria.

238 4506 406 4568 Praeterea
422 4505 544 4569 Clemen
563 4527 593 4569 v.
608 4511 646 4569 25
664 4509 809 4571 additum
822 4527 893 4571 esse
905 4511 974 4573 vult
989 4518 1021 4573 et
1035 4530 1066 4572 v.
1079 4510 1130 4571 ld.
1147 4512 1183 4570 tl
1194 4527 1202 4583 ;
1213 4506 1328 4590 tanqu
1341 4526 1372 4568 v.
1387 4510 1437 4568 tl.
1449 4509 1499 4568 23.
1511 4509 1561 4568 29.

238 4603 341 4664 3437.
357 4606 397 4665 39
409 4610 441 4666 et
456 4605 541 4667 delet
556 4606 588 4666 in
603 4625 630 4667 v.
648 4609 686 4667 ut
702 4624 795 4669 voees
812 4607 1041 4686 prophetarum
1058 4613 1133 4681 etc.;
1149 4606 1244 4666 aliter
1264 4606 1382 4667 iterum
1400 4602 1490 4686 Hitq.
1508 4603 1563 4681 qui

237 4698 348 4762 addita
362 4718 432 4763 esse
447 4704 517 4765 vult
530 4722 561 4764 v.
579 4706 617 4764 ι23
633 4722 729 4782 quem
745 4722 796 4765 me
813 4705 1013 4767 arbitramini
1033 4721 1120 4773 essa,
1134 4718 1200 4764 non
1215 4719 1290 4764 sum
1309 4718 1380 4781 ego,
1397 4701 1454 4763 sed
1470 4735 1511 4747 —
1522 4702 1562 4760 27
