4010 5474
260 353 321 414 aaa
353 322 359 331 ’
799 371 866 417 rer.
889 354 1046 422 rene-ae.

307 506 346 568 ln
358 500 503 570 theatris
518 512 707 571 conventus
731 503 852 570 haberi
873 502 1028 571 solebant
1040 523 1049 582 ;
1063 502 1112 569 ita
1130 500 1235 568 refert
1270 497 1403 565 Tacitus
1419 496 1456 564 in
1470 500 1587 567 Antio·

262 607 456 676 chiensium
470 609 606 677 theatro
621 608 690 675 illis
709 608 902 675 consultare
916 630 1044 676 morem
1062 629 1134 674 esse
1145 606 1241 696 (Hist.
1263 603 1375 694 a,80);
1392 602 1437 671 de
1451 604 1584 693 Epheso

17 700 18 708 ἵ
119 767 128 778 .
261 713 432 784 babemus
459 715 690 783 testimonium
714 712 945 803 inscriptionis
966 712 1016 779 ita
1050 719 1232 801 conceptae
1266 735 1274 780 τ
1314 722 1481 800 φερέτωσαν
1507 714 1583 778 reth

259 830 356 892 πᾶσαν
380 830 542 905 ἐκκλησίαν
563 824 605 898 εἷς
628 830 661 886 τὸ
684 827 807 905 θέατρον
824 816 965 906 (cl.Bl.,·
977 815 1021 884 de
1040 817 1106 882 hoc
1123 837 1219 883 more
1232 816 1271 882 in
1289 817 1464 907 plerisque
1484 815 1581 907 oppi-

259 927 314 996 dis
330 928 434 995 obvio
445 925 547 1014 plura
557 923 656 990 affert
674 923 791 990 Wetst.
808 922 900 995 adh.
915 922 968 1013 1.).
981 921 1356 1010 Theatrumephesium
1370 943 1583 1013 suaquoque

70 1010 75 1025 x
191 1062 209 1084 .
258 1030 500 1119 magnitudine
516 1028 652 1096 celebre
667 1034 851 1120 erat,„que
866 1029 974 1097 millia
998 1027 1177 1096 bertinum
1197 1025 1414 1116 receptabat
1437 1027 1579 1116 (Wood,

258 1134 467 1206 Discoveries
481 1156 516 1224 p.
535 1140 596 1219 63,
612 1134 674 1203 Fel
690 1137 733 1226 .);
751 1135 959 1226 etimpetum
967 1137 1123 1222 fremat
1137 1155 1206 1201 uno
1219 1130 1338 1200 animo
1354 1131 1391 1198 in
1410 1130 1582 1199 theatrum

148 1304 151 1309 ,
259 1247 402 1331 ὥρμησαν
421 1240 581 1310 celeriter
594 1245 847 1334 proruperunt3
864 1243 976 1309 cuncti
987 1243 1102 1309 stetim
1115 1240 1338 1322 unanimiter,
1360 1237 1482 1307 eodem
1506 1239 1583 1306 ani·

259 1369 398 1417 morum
423 1347 595 1440 impulsu,
620 1348 657 1416 in
680 1348 856 1414 theatrum
875 1351 1100 1429 concurrunt,
1119 1345 1180 1413 ubi
1201 1344 1274 1413 scil.
1300 1367 1396 1414 more
1420 1348 1583 1413 consueto

258 1454 415 1525 sciebant
427 1455 471 1522 de
486 1454 590 1521 variis
604 1452 708 1521 rebus
726 1452 881 1535 tractari,
899 1464 998 1541 rapto
1020 1451 1106 1519 Gaio
1126 1464 1159 1518 et
1172 1450 1373 1519 Aristarcho
1383 1450 1583 1520 Macedoni-

126 1598 128 1602 ·
259 1561 333 1644 bus,
359 1561 537 1630 comitibus
550 1557 669 1643 Pauli,
694 1580 779 1649 quos
803 1558 944 1625 fortasse
968 1556 1086 1626 obvios
1105 1556 1282 1625 habebant
1300 1563 1334 1623 et
1357 1558 1467 1624 socios
1488 1579 1584 1647 pere·

259 1668 498 1755 grinationum
529 1664 760 1754 (συνεκδήμους)
794 1664 889 1733 Pauli
921 1664 1168 1751 agnoscebant3
1198 1663 1311 1754 ipsum
1340 1663 1486 1730 Paulum
1514 1685 1582 1730 uon

257 1771 454 1839 invenerint
465 1770 660 1838 insedibus
671 1769 730 1838 ubi
745 1771 950 1839 commereri
960 1769 1085 1838 soleret
1094 1768 1234 1860 (Beel.);
1248 1790 1281 1835 v.
1293 1775 1336 1836 30
1345 1766 1455 1837 Paulo
1468 1781 1583 1835 certem

258 1876 391 1946 volente
409 1877 541 1944 intrare
556 1877 594 1943 in
603 1875 786 1966 populum,
805 1875 944 1967 prodire
957 1877 1004 1963 ad
1016 1876 1155 1944 turbam
1171 1875 1208 1944 in
1222 1875 1413 1958 theatrum,
1429 1880 1466 1942 ut
1477 1873 1583 1942 verba

257 1984 412 2053 facturus
426 1983 615 2052 tumultum
634 1982 769 2050 sedaret
781 1987 815 2050 et
825 1995 891 2073 pro
903 1981 1062 2051 fidelibus
1073 1986 1262 2073 peroraret,
1276 1979 1583 2071 conpromiserunt

258 2090 488 2181 discipult'etr.
506 2100 592 2171 εἴων,
607 2093 804 2157 constanter
821 2110 898 2156 eum
912 2088 1107 2157 retinebant
1118 2088 1240 2157 merito
1253 2086 1414 2155 timentes
1424 2108 1466 2155 ne
1481 2106 1583 2155 caeco

260 2197 383 2266 turbae
398 2197 513 2263 furore
529 2200 563 2263 et
580 2195 640 2262 illa
653 2194 785 2263 insania
800 2194 1058 2284 discerperetur.

302 2307 413 2392 Atque
426 2302 550 2368 merito
565 2300 644 2368 illos
657 2300 706 2368 ita
718 2301 826 2388 egisse
841 2300 1033 2369 ostenditur
1045 2303 1185 2393 quoque
1199 2322 1232 2368 v.
1249 2308 1288 2370 31
1307 2298 1451 2388 puidam
1466 2310 1583 2366 autem

256 2419 290 2476 et
304 2410 349 2477 de
363 2406 467 2474 Asiae
477 2405 696 2497 principibus
710 2404 773 2493 qui
783 2418 882 2474 eram
893 2406 998 2475 amici
1008 2407 1080 2476 eius
1093 2407 1260 2475 miserunt
1273 2405 1323 2474 od
1335 2427 1413 2475 eum
1425 2418 1583 2497 repentes

257 2537 301 2582 ne
328 2537 364 2582 se
387 2512 487 2581 daret
513 2514 547 2579 in
579 2511 771 2598 theatrum
795 2542 810 2574 «
838 2516 983 2603 ἀσιάρχης
1009 2512 1102 2581 idem
1128 2513 1190 2605 qui
1217 2512 1322 2581 etiem
1348 2516 1506 2602 ἀρχιερεὺς
1527 2529 1581 2595 τῆς

263 2622 387 2704 Ἀσίας,
407 2622 629 2708 magistratus
648 2617 834 2709 quotannis
851 2639 891 2686 ex
909 2618 1085 2687 ditissimis
1097 2618 1293 2710 provinciae
1312 2619 1454 2702 electus,
1473 2616 1583 2707 quiet

257 2725 440 2793 conventui
456 2725 656 2814 provinciae
672 2729 843 2815 praeesset
861 2729 894 2791 et
912 2725 1077 2817 templum
1090 2748 1112 2794 a
1126 2725 1301 2794 communi
1317 2724 1415 2792 Asiae
1428 2729 1583 2811 Augusto

256 2833 415 2919 Pergami
429 2831 629 2899 dedicatum
642 2830 897 2899 administraret
907 2830 1073 2921 ludosque
1088 2852 1168 2900 cum
1182 2853 1223 2900 eo
1236 2830 1439 2899 coniunctos
1450 2828 1579 2897 ederet.

257 2942 328 3005 llos
353 2945 469 3006 autem
497 2935 599 3027 plura
626 2938 756 3028 temple
778 2937 823 3004 ab
851 2936 971 3005 eodem
996 2937 1173 3006 communi
1197 2938 1232 3005 in
1260 2934 1422 3029 pluribus
1444 2934 1582 3028 oppidis

257 3043 461 3113 Caesaribus
480 3042 663 3110 aedificata
682 3047 778 3124 sunt,
795 3044 1058 3134 exstiteruntque
1072 3043 1188 3134 plures
1203 3046 1358 3132 ἀρχιερεῖς
1371 3048 1406 3111 et
1423 3045 1579 3132 ἁσιάρχαι,

257 3150 317 3239 qui
339 3170 461 3216 omnes
482 3171 524 3214 eo
546 3146 751 3233 magistratu
771 3148 880 3216 iuncti
900 3148 1038 3218 titulum
1059 3148 1240 3236 dignitatis
1260 3146 1458 3216 retinebant
1480 3146 1582 3237 (sicut

257 3256 358 3323 etiam
384 3257 539 3342 ἀρχιερεῖς
566 3252 788 3335 ludaeorum,
806 3252 911 3342 t,23).
929 3257 1046 3344 ltaque
1072 3240 1212 3322 minime
1235 3255 1363 3322 mirum
1386 3252 1527 3343 Ephesi,
1543 3253 1581 3321 in

257 3384 326 3451 qua
346 3367 380 3428 et
396 3361 473 3450 ipsa
491 3360 559 3427 duo
576 3360 648 3426 eius
662 3358 799 3446 generis
811 3359 938 3450 templa
952 3365 1064 3441 erent,
1084 3361 1209 3428 multos
1225 3365 1297 3428 tum
1318 3360 1410 3427 viros
1426 3380 1467 3427 eo
1479 3359 1581 3427 titulo

257 3475 396 3535 ornatos
416 3466 518 3533 luisse
542 3496 557 3527 a
575 3465 669 3555 (Bi).
692 3470 732 3533 st
747 3464 792 3533 do
807 3465 1055 3534 Trallianorum
1071 3466 1159 3535 urbe
1177 3466 1298 3534 Strabo
1317 3465 1437 3533 scribit
1454 3485 1462 3534 :
1478 3466 1579 3534 habi·

255 3579 387 3641 tatura
411 3573 544 3639 civibus
566 3572 754 3663 opulentis,
777 3578 813 3639 ut
833 3571 904 3639 ulla
921 3571 1116 3640 asianarum
1136 3571 1276 3640 urbium
1294 3572 1380 3656 alia,
1397 3579 1430 3641 et
1444 3594 1581 3663 semper

255 3680 365 3769 aliqui
380 3701 498 3747 eorum
514 3683 594 3745 sunl
606 3688 811 3767 πρωτεὺεντες
827 3681 903 3747 miz
916 3687 969 3762 τὴν
984 3685 1146 3767 ἐπαρχίαν,
1161 3701 1249 3769 quos
1262 3678 1443 3747 Asiarchas
1458 3687 1581 3748 vocant

258 3788 413 3873 (ΜΝΞ
440 3786 486 3853 el.
509 3790 592 3865 ttss,
609 3785 654 3852 al.
677 3783 770 3873 960).
792 3784 892 3852 Plura
913 3784 1068 3875 exempla
1091 3784 1235 3874 praebet
1262 3787 1399 3870 Wetst.;
1423 3784 1580 3854 similiter

256 3892 294 3959 in
318 3891 395 3959 aliis
421 3889 608 3982 provinciis
634 3889 831 3982 appellatur
856 3888 947 3958 idem
971 3889 1194 3978 magistratus
1215 3894 1435 3981 Γαλατάρχης,
1459 3895 1580 3962 Βιθυνι-

258 4003 357 4086 άρχης
374 4005 439 4064 etc.
459 3998 516 4086 (cf.
540 4000 744 4082 illommsen,
762 3997 859 4066 Rom.
880 3995 1079 4066 Geschichte
1094 4004 1115 4065 5
1133 4021 1168 4090 p.
1186 4001 1274 4083 ata).

304 4104 427 4171 Paulus
442 4104 558 4192 itaque
573 4104 664 4171 inter
676 4103 809 4172 nobiles
828 4110 862 4172 et
879 4103 1059 4173 ditissimos
1076 4102 1144 4172 sibi
1162 4104 1289 4173 iecerat
1303 4105 1432 4173 amicos
1450 4104 1512 4195 qui
1524 4126 1580 4173 se·

257 4210 323 4280 luti
337 4211 410 4279 eius
428 4208 677 4298 prospicerent.
694 4214 828 4279 Interea
849 4209 884 4277 in
905 4212 1039 4279 theatro
1060 4211 1242 4279 hominum
1261 4211 1365 4279 turba
1382 4194 1579 4301 premiseua

258 4320 470 4404 congregata
486 4335 557 4381 non
582 4336 689 4403 parva
709 4320 783 4382 erat
807 4316 1013 4386 confusior.
1038 4323 1081 4385 32
1106 4316 1173 4385 atii
1189 4328 1307 4386 autem
1332 4314 1436 4384 aliud
1451 4315 1580 4385 clamo·

258 4426 359 4506 bont;
374 4421 556 4489 eratenim
581 4418 722 4487 ecelee'a
740 4421 898 4510 confusa,
917 4422 1018 4490 turba
1033 4411 1094 4492 ille
1111 4446 1200 4515 quae
1216 4429 1339 4514 sponte
1352 4432 1575 4507 convenerat,

258 4551 347 4620 quae
369 4537 514 4614 ἐκκλησία
540 4530 696 4609 vocatur,
716 4525 874 4615 quamvis
894 4547 963 4593 non
977 4534 1063 4596 esset
1085 4534 1274 4598 conventus
1294 4527 1488 4617 legitimus,
1509 4552 1574 4599 nec

257 4636 378 4704 concio
395 4635 548 4723 legitimo
569 4638 771 4716 convocata3
786 4643 820 4698 et
840 4631 955 4723 plures
969 4634 1166 4704 nesciebant
1185 4657 1255 4726 qua
1268 4657 1311 4704 est
1327 4657 1432 4705 causa
1455 4658 1578 4705 conve·

259 4742 390 4810 cissent
406 4753 430 4812 :t
446 4750 576 4823 :latere
592 4739 705 4809 maior
718 4738 857 4807 illorum
871 4760 964 4830 pars3
981 4741 1030 4809 ite
1046 4740 1121 4808 fleri
1134 4741 1238 4826 solet,
1255 4764 1332 4812 cum
1348 4743 1466 4834 palam
1485 4745 1577 4812 voci·
