4010 5474
912 416 915 421 ’
998 422 1065 467 aer.
1089 405 1208 478 saa-o.
1252 486 1255 495 ⁸
1710 404 1769 465 373

448 556 529 625 tude
547 558 652 626 etiam
671 557 773 626 facile
787 553 1062 644 consequebatur
1073 553 1168 621 zelus
1180 553 1253 621 eius
1268 574 1330 642 pro
1342 552 1419 639 lege
1437 572 1445 619 ε
1461 552 1656 620 aemulator
1670 553 1766 643 lepis,

447 684 574 752 magno
590 686 676 749 erga
692 661 790 728 illam
804 661 877 728 zeto
890 660 1031 728 affectus
1049 659 1175 750 (Cha),
1197 661 1283 728 sicut
1305 671 1337 726 et
1350 679 1534 726 aesomnes
1549 659 1629 724 estis
1654 659 1769 741 hodie,

445 770 511 838 hoc
532 770 616 836 dicit
632 767 782 854 gratiam
804 788 924 834 eorum
945 773 1089 858 captans
1104 776 1137 835 et
1152 789 1273 835 eorum
1286 773 1436 833 mentem
1456 786 1713 855 praeoccupans
1737 772 1771 834 et

445 875 602 941 detinens
622 872 717 939 iniis
735 873 771 940 iu
791 873 918 964 quibus
939 874 1030 941 nihil
1045 875 1165 941 damni
1177 882 1252 942 erat
1265 872 1392 963 (Gla).
1408 876 1550 962 lnsuper
1564 869 1714 938 ostendit
1725 870 1769 937 ad

445 1000 633 1069 quamnam
647 1002 787 1048 causam
801 981 929 1048 referat
942 981 1113 1069 impetum
1133 982 1172 1047 in
1194 1001 1230 1047 se
1250 980 1396 1059 factum,
1418 1000 1455 1046 se
1475 979 1518 1046 iis
1532 978 1677 1046 minime
1696 997 1769 1043 esse

445 1084 626 1169 offensum,
654 1107 773 1155 verum
799 1087 1060 1174 aggressionem
1086 1084 1187 1154 illam
1210 1093 1245 1161 et
1271 1085 1527 1175 percussionem
1553 1083 1769 1151 sibilantem

443 1192 572 1260 referre
592 1192 638 1260 ad
663 1192 778 1260 zelum
797 1211 901 1280 quem
918 1190 1070 1259 habeant
1084 1213 1149 1281 pro
1168 1192 1264 1279 lege;
1279 1190 1382 1281 proin
1403 1189 1448 1256 ad
1471 1189 1683 1258 laudabilem
1707 1210 1769 1279 pro

443 1298 639 1385 integritate
658 1297 745 1385 legis
763 1296 1046 1365 aemulationem.
1065 1297 1180 1366 Lectio
1194 1297 1385 1366 communis
1403 1300 1454 1363 est
1474 1295 1671 1363 aemulator
1687 1296 1765 1378 Dei,

443 1425 525 1472 nam
546 1405 606 1493 qui
629 1403 741 1470 zelum
762 1401 849 1490 legis
872 1402 979 1470 habet
994 1402 1099 1470 simul
1118 1408 1218 1492 putat
1245 1425 1280 1471 se
1300 1424 1365 1493 pro
1389 1406 1456 1470 Deo
1477 1400 1675 1489 legislatore
1694 1423 1769 1469 rem

442 1528 561 1596 agere;
576 1508 683 1599 idque
703 1507 828 1576 Paulus
849 1507 970 1577 asserit
986 1513 1085 1578 Rom.
1105 1515 1185 1591 103
1197 1508 1241 1577 de
1257 1508 1410 1577 ludaeis:
1430 1507 1662 1576 testimonium
1675 1509 1768 1574 enim

441 1614 608 1705 perhibeo
637 1613 705 1683 illis
734 1615 829 1707 quod
851 1615 1119 1683 aemulationem
1143 1615 1204 1683 Dei
1227 1615 1372 1697 hahent,
1400 1614 1460 1682 sed
1480 1635 1554 1681 non
1578 1612 1769 1681 secuudum

442 1722 641 1803 scientiam3
662 1727 767 1813 atque
782 1721 824 1789 de
839 1743 875 1790 se
888 1721 964 1812 ipso
983 1721 1166 1811 profitetur
1181 1743 1190 1790 :
1203 1727 1237 1791 et
1249 1743 1315 1810 ego
1333 1720 1476 1812 quidem
1490 1720 1769 1789 existimaveram

442 1849 497 1896 me
512 1828 673 1897 adversus
694 1848 818 1896 nomen
831 1832 905 1896 lesu
917 1828 1084 1895 Nazareni
1099 1826 1220 1896 debere
1238 1828 1347 1896 multa
1361 1827 1533 1922 contraria
1552 1849 1656 1916 agere
1671 1832 1763 1908 aba.

484 1938 591 2001 Immo
614 1932 762 2002 ostendit
779 1955 816 2001 se
841 1934 927 2000 olim
948 1932 1054 2022 longe
1071 1936 1236 2002 maiorem
1251 1935 1362 2002 zelum
1385 1933 1469 2024 ipsis
1487 1932 1652 2024 operibus
1666 1932 1765 2000 exhi·

441 2038 556 2107 buisse
575 2062 608 2108 v.
631 2045 651 2106 t
668 2039 731 2129 qui
747 2038 837 2107 bane
850 2038 944 2107 aiam
958 2060 1033 2107 rem
1046 2038 1222 2131 iidemque
1235 2038 1471 2122 christianam,
1488 2041 1532 2108 ct.
1550 2046 1627 2121 9,2;
1647 2044 1764 2119 taam

443 2153 532 2230 19,9.
555 2151 597 2214 23
611 2157 811 2237 persecutus
834 2167 911 2229 seam
927 2167 1036 2236 casotae
1051 2143 1260 2214 admortem
1278 2144 1430 2235 alliacus
1449 2158 1483 2213 et
1502 2144 1641 2212 tradens
1654 2144 1691 2209 m
1706 2166 1765 2209 eu-

440 2250 569 2319 stadius
592 2250 738 2320 virosae
751 2250 914 2319 mulieres
918 2270 934 2337 ,·
947 2273 1017 2342 quo
1031 2249 1147 2320 studio
1162 2257 1363 2342 persecutus
1376 2252 1423 2319 sit
1436 2251 1550 2333 effert,
1567 2258 1605 2319 ut
1616 2272 1673 2317 eos
1688 2249 1763 2317 soil.

440 2362 608 2447 quantum
625 2356 664 2425 in
677 2379 713 2426 se
727 2362 802 2425 erat
816 2356 920 2425 morti
934 2356 1105 2441 traderet,
1123 2358 1231 2425 immo
1250 2380 1294 2426 ne
1308 2357 1512 2427 mulieribus
1529 2356 1670 2449 quidem
1684 2379 1766 2446 par-

439 2469 548 2545 ceret;
574 2463 676 2533 huius
699 2470 814 2533 autem
836 2463 903 2531 aeli
923 2468 1026 2533 testes
1045 2463 1152 2532 habet
1171 2486 1205 2532 v.
1226 2472 1247 2535 5
1266 2464 1355 2533 sieut
1366 2464 1531 2557 princeps
1551 2463 1767 2532 sacerdotum

439 2568 528 2637 miti
546 2569 778 2637 testimonium
798 2567 935 2657 reddie,·
951 2591 1061 2660 usque
1083 2570 1128 2638 ad
1146 2592 1278 2638 annum
1298 2577 1341 2638 36
1359 2570 1505 2660 Caiphae
1523 2575 1597 2638 erat
1611 2591 1766 2639 summus

439 2676 614 2759 sacerdos;
639 2697 720 2745 cum
739 2698 760 2743 a
774 2674 909 2744 Vitellio
923 2675 1121 2767 privaretur
1136 2675 1344 2759 sacerdotio,
1361 2677 1528 2744 tonathan
1544 2677 1632 2743 titius
1651 2677 1766 2743 huani

439 2788 473 2849 et
491 2788 568 2873 post
585 2804 714 2849 aunum
738 2783 845 2850 frater
857 2781 931 2851 eius
950 2782 1160 2873 Theophilus
1174 2782 1237 2851 illa
1254 2782 1422 2872 dignitato
1441 2782 1555 2852 ornati
1569 2789 1647 2849 sunt
1665 2783 1766 2871 (lose-

436 2886 541 2971 phus,
562 2888 676 2978 hutiq.
700 2893 834 2971 18,t,a;
856 2888 1005 2979 18‚5,s);
1021 2887 1083 2958 ille
1099 2889 1208 2977 igitur
1226 2889 1288 2979 qui
1303 2895 1378 2957 tum
1390 2901 1465 2957 erat
1478 2890 1632 2980 pontifex
1644 2896 1678 2957 et
1691 2888 1764 2978 ipse

437 3000 606 3083 superstes
633 2993 721 3061 mihi
742 2995 836 3062 testis
854 3000 916 3077 est,
938 3006 971 3060 et
997 3016 1116 3062 omnes
1133 2994 1282 3063 maiores
1302 3007 1389 3063 natu
1411 3004 1469 3065 πᾶν
1492 3008 1526 3065 :a
1555 3005 1764 3084 ,τρεσευτέριεν

437 3105 547 3166 totum
570 3099 787 3189 synedrium,
807 3123 838 3166 -a
860 3098 985 3189 quitur
1005 3113 1039 3167 et
1061 3100 1225 3192 epistolas
1240 3101 1413 3193 accipiens
1430 3100 1480 3168 ad
1492 3106 1622 3192 fratres
1637 3105 1763 3167 Daiara-

436 3227 532 3273 seum
554 3207 735 3296 perpetem
756 3204 803 3273 ad
821 3205 966 3275 ludaeos
990 3208 1146 3274 Damasci
1167 3207 1349 3295 degentes;
1372 3208 1527 3299 loquitur
1547 3209 1642 3275 enim
1664 3215 1764 3298 prout

438 3316 511 3379 tum
529 3311 694 3402 temporis
711 3312 879 3379 sentiebat
889 3317 924 3379 et
939 3311 989 3378 uti
1003 3314 1179 3403 praesenti
1196 3335 1335 3403 quoque
1351 3314 1543 3383 conditioni
1563 3319 1682 3403 aptum
1698 3320 1760 3395 est,

437 3417 580 3486 ludaeos
602 3416 782 3508 appellans
804 3416 944 3502 fratres,
966 3430 1006 3484 ut
1026 3417 1235 3487 adducerem
1254 3419 1336 3488 iude
1353 3420 1484 3488 vinctos
1507 3421 1544 3487 in
1566 3420 1760 3503 Ierusalem,

438 3535 477 3590 ut
493 3523 724 3614 prurirentur;
746 3522 896 3591 ostendit
918 3523 1037 3614 itaque
1060 3546 1124 3616 per
1142 3547 1250 3617 opera
1273 3549 1309 3594 se
1334 3527 1437 3614 longe
1461 3529 1625 3595 maiorem
1650 3527 1762 3615 zelum

436 3629 633 3711 exseruisse;
653 3656 671 3691 o
687 3651 757 3697 non
776 3649 891 3697 moras
904 3630 1105 3713 trahebam,
1122 3632 1317 3700 sacerdotes
1330 3634 1540 3715 excitabam,
1558 3635 1762 3723 peregrinu-

437 3736 547 3804 tiones
574 3735 821 3825 suscipiebam
850 3757 922 3803 non
945 3735 1036 3804 viros
1055 3743 1193 3805 tanturn
1215 3739 1458 3827 aggrediebar,
1492 3740 1578 3807 sieut
1602 3762 1678 3820 ros,
1702 3738 1761 3806 scd

436 3842 540 3910 etiam
562 3842 743 3924 mulieres;
767 3839 999 3910 indubitatum
1019 3848 1073 3910 est
1096 3844 1345 3927 testimonium
1367 3845 1446 3913 ride
1470 3852 1556 3936 quot
1577 3853 1677 3913 testes
1701 3844 1760 3911 ad·

436 3947 539 4015 ducat
555 3970 563 4016 ε
579 3946 747 4028 seniores,
770 3946 963 4039 prinoipem
982 3948 1218 4035 sacerdotum,
1237 3950 1371 4042 eosqui
1390 3950 1580 4019 incivitate
1600 3980 1615 4011 ι)
1638 3951 1760 4037 (Chat

481 4057 647 4121 Hactenus
664 4052 744 4121 illos
764 4052 888 4120 hahuit
905 4058 1023 4134 testes:
1044 4077 1135 4145 quae
1153 4062 1357 4146 sequuntur,
1381 4058 1539 4148 quamvis
1558 4058 1599 4125 iis
1619 4057 1761 4125 testibus

435 4164 590 4243 caream,
623 4158 692 4227 fide
722 4157 830 4247 digna
851 4157 923 4227 iam
949 4159 1180 4250 perhibentur
1206 4184 1247 4231 ex
1273 4162 1317 4231 iis
1338 4185 1428 4254 quae
1452 4165 1557 4232 modo
1579 4164 1759 4255 explicatu

424 4251 453 4327 'a
470 4287 532 4334 cur
544 4265 650 4345 enim,
667 4285 807 4355 quaeso,
823 4285 896 4333 sese
910 4271 1054 4357 repente
1068 4265 1108 4335 in
1119 4273 1255 4337 tantum
1270 4292 1333 4361 pro
1348 4273 1421 4339 lesu
1439 4271 1552 4338 zelum
1567 4270 1759 4337 iniecisset?

435 4392 531 4450 num,
553 4370 645 4462 quod
660 4371 827 4439 honorem
841 4373 1071 4463 exspectaret?
1087 4375 1186 4465 atqui
1198 4377 1373 4444 contraria
1387 4398 1505 4467 passus
1520 4384 1586 4455 est;
1604 4382 1664 4443 aut
1674 4375 1757 4466 quia

435 4478 584 4567 quietem
602 4479 777 4569 speraret?
790 4498 903 4568 neque
919 4478 984 4547 hoe
999 4499 1099 4559 sane;
1113 4487 1175 4549 aut
1189 4480 1317 4550 eliade
1333 4484 1457 4551 causat
1470 4483 1560 4550 nihil
1577 4482 1758 4550 ratiocinio

434 4582 580 4651 inveniri
596 4589 717 4674 potest.
740 4587 828 4652 llaec
842 4581 913 4651 iltis
932 4584 1129 4673 colligenda
1141 4592 1178 4655 et
1190 4586 1371 4657 inferenda
1383 4589 1583 4680 relinquens
1600 4596 1654 4657 r'es
1668 4590 1758 4679 ipsas

434 4695 552 4756 narrat
574 4716 591 4751 o
618 4688 729 4779 (Chr.)
752 4712 785 4757 v.
813 4695 834 4756 6
856 4688 996 4778 sactum
1016 4704 1066 4760 est
1085 4705 1203 4761 autem
1219 4706 1319 4762 eunte
1335 4717 1388 4763 me
1406 4709 1441 4764 et
1455 4696 1758 4788 appropinquante

432 4796 598 4864 Damasco
625 4793 742 4863 media
770 4794 840 4878 die,
861 4796 974 4864 uetito
1001 4797 1045 4866 de
1068 4798 1416 4892 eoelosseireumsulsa't
1434 4824 1488 4870 me
1511 4801 1574 4869 lua
1597 4802 1760 4892 eopiosa,·
