4092 5490
237 325 297 385 266
802 339 870 385 nur.
893 323 995 396 1530.
1041 386 1044 393 ,

237 482 351 541 terum
379 470 504 540 videt
536 475 612 541 Cor.
637 479 713 556 5,1;
740 472 1069 555 emunctorum
1100 475 1149 539 est
1177 469 1443 537 fornicationem
1472 472 1566 562 apud
1673 532 1677 537 ,

240 583 358 665 gentes
372 576 530 646 habitam
544 578 647 646 fuisse
664 600 739 646 rem
754 578 1017 660 indifferentem,
1044 579 1114 644 imo
1132 575 1280 658 licitam3
1301 576 1373 643 imo
1397 574 1501 642 etiam
1520 576 1566 643 ad

236 707 373 753 sacrum
402 684 579 752 idolorum
604 683 735 751 cultum
767 684 860 750 haud
886 705 965 751 raro
994 683 1210 773 pertinuisse.
1236 686 1360 751 Notum
1392 686 1444 749 est
1472 681 1567 770 quod

235 791 329 860 llicio
349 791 443 883 apud
465 789 660 869 Terentium
687 788 771 854 dicit
794 810 802 856 :
828 808 897 854 non
918 793 968 863 cst
989 788 1173 874 flagitium,
1197 787 1285 854 mihi
1308 791 1422 868 crede,
1448 785 1566 855 adole-

235 898 430 967 scentulum
449 894 591 962 scortari
609 890 764 981 (Adelph.
782 897 805 974 i,
832 893 936 981 ΞΜ).
954 897 994 959 lit
1018 891 1091 982 ipse
1109 892 1224 958 Cicero
1241 893 1291 959 ita
1304 915 1468 983 perorare
1493 914 1566 961 non

235 1010 402 1071 veretur:
427 1019 546 1066 verum
568 999 596 1064 si
619 998 695 1087 quis
715 1001 781 1081 est,
805 998 866 1087 qui
891 997 995 1065 etiarn
1024 997 1226 1066 meretriciis
1251 998 1428 1066 amoribus
1453 1000 1562 1067 inter·

234 1108 363 1176 dictum
392 1102 563 1171 iuventuti
583 1109 695 1194 putet,
712 1109 763 1171 est
780 1103 840 1170 illa
859 1104 1001 1194 quidem
1026 1103 1127 1173 ratde
1146 1125 1284 1172 severus
1310 1122 1319 1171 ε
1341 1125 1470 1191 negare
1492 1127 1561 1172 non
1641 1154 1644 1161 -

234 1232 388 1303 possum3
412 1209 475 1276 sed
498 1209 662 1279 abhorret
690 1232 760 1277 non
788 1210 889 1278 modo
910 1212 956 1278 ab
978 1211 1080 1280 huius
1101 1209 1232 1278 saeculi
1255 1208 1410 1294 licentia,
1439 1231 1559 1277 verum

235 1315 382 1385 etiams
408 1316 581 1384 maiorum
605 1316 851 1384 consuetudine
876 1323 978 1407 atque
999 1317 1181 1385 concessis.
1208 1317 1350 1396 Quando
1377 1315 1470 1393 enim
1495 1315 1562 1383 hoc

235 1424 367 1492 factum
393 1445 469 1491 non
495 1424 566 1490 est?
596 1421 736 1512 quando
769 1422 1035 1511 reprehensum?
1062 1420 1203 1512 quaudo
1231 1443 1305 1490 non
1332 1423 1560 1512 permissum?

236 1530 374 1620 quando
386 1528 535 1617 denique
546 1527 612 1594 fuit
630 1532 669 1594 ut
683 1526 777 1617 quod
797 1526 875 1595 licet
895 1549 964 1594 non
982 1527 1102 1595 liceret
1115 1527 1179 1615 (or.
1202 1549 1278 1617 pro.
1294 1529 1409 1596 Coelio
1424 1529 1505 1616 20)’ί
1519 1533 1560 1595 Εί

236 1633 393 1702 Horatius
409 1632 523 1722 (Satin.
541 1636 565 1714 l,
582 1636 615 1697 2.
634 1637 673 1698 31
698 1632 784 1721 seq.)
812 1652 821 1700 :
844 1630 985 1721 quidam
1005 1636 1109 1699 notus
1126 1632 1233 1699 homo
1257 1653 1337 1700 cum
1356 1632 1469 1699 exiret
1489 1633 1559 1700 ior-

234 1740 311 1806 nice
325 1764 342 1800 «
360 1742 470 1806 macta
485 1735 616 1803 Virtute
630 1742 700 1804 esto
712 1764 744 1818 ν,
759 1736 1049 1825 inquitsentcntia
1061 1736 1121 1805 dia
1135 1737 1283 1822 Catonis,
1299 1741 1385 1805 Num
1399 1737 1505 1804 simul
1519 1758 1565 1811 ac

233 1864 336 1912 venas
349 1843 483 1911 inflavit
502 1848 612 1911 taetra
628 1841 756 1926 libido,
774 1845 844 1909 Huc
864 1836 1003 1911 iuvenes
1024 1864 1174 1934 aequum
1196 1848 1249 1911 est
1268 1840 1490 1911 descendere.
1507 1842 1556 1909 Ad

234 1950 329 2042 quod
344 1950 582 2041 Porphyrion:
597 1948 750 2016 laudavit
769 1948 963 2016 existimans
980 1948 1162 2017 libidinem
1181 1947 1466 2039 compescendam
1484 1969 1558 2016 esse

235 2058 309 2125 sine
328 2056 488 2136 crimine;
513 2058 676 2124 etheron
696 2060 856 2124 Catonern
879 2054 961 2123 iacit
981 2056 1154 2123 dicentem
1175 2076 1183 2124 :
1209 2053 1501 2143 adolescens-ego
1523 2060 1557 2123 te

234 2162 391 2241 laudavi,
409 2166 587 2251 tamquam
603 2162 671 2229 huc
684 2160 858 2229 interdum
877 2161 1009 2229 venires
1023 2160 1083 2252 (cf.
1100 2161 1225 2248 ‘Ritteq
1240 2150 1555 2244 Horatii'carmina,

236 2273 344 2336 Serm.
360 2273 385 2349 l,
407 2274 441 2334 2.
459 2267 529 2357 as).
584 2324 586 2328 ,

277 2480 389 2559 Magna
402 2481 512 2540 tamen
527 2483 577 2541 est
591 2478 675 2541 inter
690 2478 881 2558 interpretes
896 2478 935 2540 de
948 2478 1008 2539 hac
1021 2476 1132 2559 πορνείᾳ
1147 2477 1349 2558 disceptatio.
1367 2477 1491 2539 Placuit
1508 2481 1557 2538 sat

236 2573 349 2638 multis
362 2592 473 2638 vocem
487 2575 606 2638 referre
625 2576 666 2638 ad
685 2578 760 2638 Lev.
777 2578 845 2651 sas
867 2593 935 2655 seq.
949 2577 990 2637 ad
1008 2575 1257 2655 prohibitionem
1274 2575 1557 2638 matrimoniorum

235 2674 493 2735 incestuosorum
512 2674 546 2734 in
563 2673 717 2752 proximis
736 2672 1024 2753 consanguinitatis
1043 2672 1095 2734 vel
1116 2671 1279 2735 affinitatis
1294 2671 1458 2753 gradibus.
1476 2673 1556 2733 Nam
1609 2703 1614 2712 ·

235 2771 307 2831 Les.
327 2769 604 2848 suspicabatur
624 2770 728 2833 cultus
745 2770 963 2832 idololatricus
983 2769 1185 2845 sacrificalis,
1205 2771 1308 2847 i'i,lo.
1330 2771 1427 2831 tt-tt
1445 2767 1555 2848 probi-

235 2854 328 2928 betur
340 2865 496 2928 comestio
513 2866 676 2945 sanguinis
695 2865 740 2945 (et
758 2870 989 2945 consequenter
1003 2867 1147 2929 suffocati
1166 2884 1311 2946 quoquc,
1327 2866 1403 2947 quia
1417 2866 1556 2928 suffoca-

235 2969 306 3026 tum
329 2962 449 3025 animal
473 2961 633 3025 retinebat
657 2950 872 3044 sanguinem),
894 2961 980 3025 unde
1003 2981 1144 3044 pronum
1167 2963 1340 3027 videbatur
1364 2962 1488 3043 πορνείαν
1518 2981 1556 3024 ex

235 3059 350 3122 eodem
369 3061 440 3122 loco
460 3060 618 3140 explicare
640 3060 690 3139 (ct.
714 3058 888 3141 Liqttsoot,
916 3061 991 3124 lior.
1011 3061 1106 3123 hebr.
1130 3060 1171 3123 ad
1194 3062 1226 3123 h.
1246 3061 1269 3123 l.
1298 3058 1422 3139 Wencts,
1447 3057 1499 3121 Bt.
1523 3064 1556 3123 et

234 3157 331 3219 buius
360 3157 537 3220 sententiae
566 3164 715 3237 patronos
740 3151 858 3219 multos
881 3161 1069 3219 enumerant
1093 3155 1211 3218 Sciens
1234 3176 1266 3237 p.
1296 3158 1355 3219 itt
1378 3174 1445 3236 seq.
1471 3156 1552 3218 Feli.

241 3251 375 3334 Wendt).
393 3254 532 3316 Eandem
548 3254 739 3317 sententiam
759 3253 855 3315 etiarn
872 3251 1004 3336 Comeiy
1018 3258 1213 3335 propugnat,
1231 3253 1395 3333 apostolos
1413 3253 1554 3333 neophy-

233 3352 275 3413 tis
295 3351 446 3423 ethnicis,
464 3351 509 3413 uti
530 3367 622 3413 esum
640 3350 770 3412 illorum
790 3350 936 3412 ciborum
954 3351 1111 3430 aquibus
1132 3350 1238 3412 ludaei
1261 3350 1492 3425 abhorrebant,
1508 3351 1553 3412 its

234 3449 331 3510 etiam
356 3448 562 3510 matrimonia
583 3448 665 3509 inter
684 3447 935 3526 consanguineos
955 3452 988 3510 et
1010 3449 1121 3511 aiilnes
1142 3449 1228 3510 iuxta
1249 3448 1358 3528 legem
1379 3449 1552 3510 mosaicam

233 3546 436 3608 interdixisse
450 3543 640 3625 (comment.
652 3545 687 3605 in
702 3547 719 3606 ί
734 3545 803 3607 Cor.
816 3562 848 3623 p.
863 3545 1135 3624 canabineum
1150 3549 1258 3607 tamen
1270 3545 1363 3608 estin
1374 3546 1549 3624 ipsavoce;

232 3660 307 3704 nam
328 3643 389 3705 etsi
409 3659 471 3704 vox
490 3641 581 3702 hebr.
604 3656 678 3709 utin
695 3641 820 3704 dicatur
838 3641 922 3719 apud
940 3641 1147 3704 talmudistas
1168 3641 1208 3703 de
1225 3659 1417 3721 unaquaque
1434 3642 1553 3703 semina

232 3741 324 3801 cuius
337 3755 526 3817 congressus
541 3738 826 3818 consanguinitatis
840 3754 936 3800 causa
954 3739 986 3799 in
1007 3737 1077 3819 lege
1096 3741 1146 3800 est
1164 3738 1348 3817 prohibitus
1367 3738 1427 3800 sub
1447 3754 1552 3817 poena

231 3835 420 3907 excisionis,
436 3835 482 3896 ita
497 3839 534 3897 ut
547 3834 607 3897 hac
621 3834 746 3898 ratione
760 3839 873 3909 mater,
889 3852 987 3908 soror,
1003 3835 1069 3897 iilia
1083 3838 1144 3897 etc.
1157 3840 1289 3914 vocetur
1303 3849 1377 3904 nitu
1388 3832 1550 3914 (Buctors,

232 3933 306 3993 Lex.
322 3932 409 3992 taim.
428 3950 461 4011 p.
484 3930 585 4013 1663),
607 3936 715 3994 tamen
735 3931 958 3995 difficillimum
978 3937 1027 3994 cst
1046 3931 1225 4015 intellectu,
1246 3949 1302 3995 cur
1321 3932 1360 3994 ad
1382 3931 1464 3994 banc
1481 3949 1551 3993 rem

231 4027 459 4107 designandam
481 4046 542 4091 vox
563 4028 782 4092 fornicationis
806 4047 861 4093 seu
880 4031 1080 4092 scortationis
1102 4030 1145 4091 sit
1163 4030 1297 4106 selecta,
1319 4029 1369 4091 rei
1388 4028 1551 4109 quomodo

232 4125 351 4187 ethnici
363 4126 487 4203 πορνείαν
501 4126 560 4187 hac
574 4127 704 4205 speciali
724 4128 854 4190 notione
869 4129 1034 4206 potuerint
1050 4127 1247 4206 intelligere;
1263 4142 1369 4207 neque
1386 4142 1425 4187 ex
1443 4127 1459 4185 ί
1478 4127 1549 4188 Cor.

232 4225 281 4289 ss
297 4226 404 4302 potest
418 4222 531 4285 deduci
546 4240 656 4285 vocem
672 4224 732 4287 hac
750 4224 932 4304 particulari
949 4226 1185 4305 significatione
1200 4225 1299 4287 luisse
1318 4241 1382 4286 usu
1397 4222 1484 4302 apud
1498 4241 1551 4285 ve-

102 4336 107 4342 ·
208 4304 211 4315 ’
232 4327 316 4382 teres
340 4325 513 4401 receptam.
534 4320 741 4400 Respondent
762 4321 860 4400 aliqui
879 4322 999 4402 legatos
1018 4323 1135 4385 missos
1158 4338 1228 4383 esse
1249 4338 1326 4383 cum
1347 4320 1475 4383 decreto
1495 4322 1549 4400 qui

231 4418 310 4480 illud
325 4419 526 4498 interpretari
538 4422 571 4479 et
579 4416 703 4498 πορνείαν
713 4434 751 4479 ea
761 4418 893 4480 notione
904 4417 1062 4480 declarare
1078 4416 1248 4481 debebant.
1261 4416 1378 4496 Utique
1389 4416 1549 4479 eiusmodi

231 4516 406 4579 declaratio
433 4533 591 4596 perquam
617 4515 798 4577 necessaria
825 4520 906 4588 erat;
932 4514 988 4577 sed
1016 4516 1129 4578 malim
1156 4531 1323 4576 assumere
1351 4514 1549 4595 legislatores

231 4616 393 4692 apostolos
417 4614 451 4676 in
475 4615 545 4694 lege
568 4612 734 4676 condenda
756 4629 867 4674 vocem
889 4612 1039 4692 selegisse
1064 4614 1195 4686 claram,
1221 4629 1260 4674 ex
1288 4630 1347 4674 usa
1374 4612 1549 4694 linguaque

230 4712 393 4774 communi
413 4712 562 4791 petitam,
583 4729 649 4773 nou
667 4710 924 4790 aenigmaticam,
944 4727 1041 4790 quam
1059 4709 1189 4771 tandem
1208 4710 1334 4772 discere
1353 4711 1447 4774 nobis
1466 4726 1548 4790 opus
