4092 5490
1019 443 1088 488 ior.
1113 428 1273 497 riso-ar.
1748 405 1806 493 'ssa

483 586 499 646 1
518 580 594 646 Cor.
617 585 675 663 3,t
695 581 777 649 Occu
793 583 852 666 γάρ
868 586 958 660 ἐσμεν
974 583 1125 663 συνεργοί,
1143 586 1176 642 et
1190 573 1276 665 quio
1290 575 1478 665 aperuisset
1494 576 1653 664 pentibus
1664 579 1806 648 ianuam

479 684 583 776 fide&
597 685 707 753 habes
720 684 797 772 ipsa
809 679 908 748 Pauli
924 679 1033 748 verba
1053 686 1087 748 et
1107 678 1250 748 modum
1267 679 1430 770 loquendi
1447 687 1463 747 1
1481 683 1555 748 Cor.
1580 687 1669 762 16,9.
1690 689 1802 754 tcor.

481 798 573 876 W·
598 789 668 859 Col.
697 793 768 870 t,3.
795 788 944 854 Narrant
964 786 1084 876 itaque
1108 786 1248 876 qualem
1273 807 1464 855 successum
1484 787 1701 874 evangelium
1721 790 1811 856 inter

481 902 601 986 gentes
617 892 794 960 hebuerit.
810 891 927 961 Mirum
942 892 1002 961 hic
1017 892 1197 985 experitur
1210 892 1310 985 Hilq.
1325 892 1564 961 difficultatem
1582 916 1590 962 :
1610 893 1812 984 «quomodo

481 1002 519 1070 id
537 1000 616 1067 illos
630 1004 813 1068 narrantes
832 1000 948 1069 lacere
965 1005 1079 1092 potest
1099 999 1259 1092 scriptor,
1280 998 1404 1091 inquit,
1424 999 1485 1092 qui
1497 1001 1566 1068 iam
1581 1006 1681 1083 11,1a
1697 999 1813 1068 retulit

483 1130 504 1177 a
527 1113 625 1176 coctu
646 1105 804 1186 fidelium
827 1108 866 1174 in
890 1105 1079 1175 Ierusalem
1099 1106 1261 1195 agnitum
1281 1127 1354 1176 esse
1375 1107 1479 1175 etiam
1497 1106 1660 1196 gentibus
1678 1105 1812 1174 dedisse

482 1219 589 1283 Deum
613 1215 865 1307 poenitentiam
884 1212 929 1280 ad
949 1212 1075 1293 vitum3
1101 1213 1246 1303 insuper
1274 1213 1370 1280 deest
1393 1213 1514 1282 notitia
1538 1214 1581 1283 de
1604 1214 1664 1281 illa
1689 1220 1829 1300 centu-¹

483 1321 589 1389 rionis
607 1320 832 1389 conversione
853 1340 916 1410 per
939 1322 1079 1385 Petrum
1100 1319 1193 1386 tacta
1210 1335 1241 1385 »·.
1264 1317 1346 1386 lnde
1365 1320 1535 1388 concludit
1547 1320 1591 1388 ad
1610 1320 1716 1389 alium
1731 1342 1811 1389 nar·

483 1426 624 1497 rationis
642 1429 787 1493 fontem.
806 1425 874 1493 Sed
890 1423 1041 1513 gentiles
1054 1423 1091 1492 iri
1105 1417 1278 1514 Lycaonia
1296 1424 1515 1515 assumpsisse
1528 1427 1747 1514 evangelium
1762 1431 1811 1495 est

405 1542 408 1546 ’
483 1533 930 1622 tamenetiampost11,18
951 1529 1088 1621 aliquid
1108 1530 1205 1614 novi,
1226 1532 1319 1622 quod
1338 1530 1536 1600 Antiochiae
1552 1532 1685 1599 narrari
1702 1533 1813 1623 potuit

483 1643 516 1708 et
538 1637 680 1729 quidem
703 1636 802 1705 nulla
822 1637 1000 1707 mentione
1016 1638 1107 1707 laeta
1126 1638 1351 1722 centurioniS,
1368 1639 1411 1707 de
1430 1661 1498 1729 quo
1514 1638 1716 1706 Antiocheni
1731 1660 1811 1729 pro-

483 1745 696 1814 babilissime
714 1744 805 1812 nihil
824 1744 999 1826 sciebant;
1022 1767 1055 1811 v.
1078 1750 1121 1811 27
1141 1742 1269 1813 morati
1286 1757 1366 1812 sunt
1384 1760 1500 1813 cutem
1516 1758 1646 1837 tempus
1659 1768 1729 1813 noni
1744 1767 1814 1812 mo·

484 1852 601 1921 dicum
617 1873 695 1921 cum
713 1850 900 1942 discipulis
919 1849 1136 1919 Antioohiae.
1159 1856 1331 1930 Quantum
1348 1853 1510 1943 temporis
1526 1852 1739 1943 insumptum
1753 1853 1808 1934 sit,

482 1980 522 2026 ex
542 1959 615 2027 istis
638 1957 807 2048 loquendi
830 1956 942 2025 modis
966 1957 1055 2024 adeo
1078 1955 1353 2026 indeterminatis
1372 1958 1427 2048 (cf.
1450 1965 1568 2043 13,t8;
1593 1966 1682 2042 les.
1705 1967 1736 2027 6.
1756 1965 1812 2026 20.

484 2070 538 2132 tt.
560 2065 616 2156 27)
637 2063 708 2131 dici
725 2063 862 2153 nequit.
885 2062 1013 2132 Statuit
1032 2062 1177 2153 quidem
1198 2067 1295 2132 Patr.
1318 2071 1433 2148 a12,3
1454 2065 1622 2156 usquead
1642 2071 1814 2154 15,6spa-

482 2171 571 2238 tium
592 2192 765 2238 annorum
783 2171 940 2261 quinque
959 2174 996 2237 et
1013 2168 1149 2259 aliquot
1169 2172 1340 2238 meusium
1352 2176 1386 2239 et
1402 2176 1608 2238 conventum
1624 2170 1814 2257 hierosoly-

485 2275 654 2345 mitanum
670 2274 832 2344 attribuit
847 2297 942 2345 anno
960 2283 1017 2344 tr.
1034 2279 1172 2344 Certum
1188 2275 1325 2345 videtur
1339 2277 1374 2345 icl
1387 2278 1496 2344 solum
1513 2297 1591 2343 eum
1606 2281 1813 2344 conventum

371 2394 372 2398 ’
484 2382 643 2452 hobitum
662 2404 735 2452 esse
754 2404 847 2451 anno
870 2389 912 2452 17
933 2387 1014 2474 post
1034 2382 1133 2451 Pauli
1151 2382 1407 2452 conversionem
1432 2384 1488 2474 (cl.
1515 2385 1587 2452 Gal.
1611 2390 1705 2467 1,18;
1725 2383 1810 2473 2,1).

782 2604 784 2607 ’
851 2628 880 2684 a.
901 2623 1137 2702 aequaeuo
1158 2624 1300 2702 porros
1322 2629 1456 2698 rar-m.

529 2802 614 2867 Cum
628 2797 953 2867 Iudaeo-christiani
965 2796 1111 2890 quidam
1124 2797 1327 2866 Antiochiae
1346 2798 1508 2867 docerent
1519 2798 1815 2867 circumcisionem

484 2925 555 2973 esse
567 2904 612 2973 ad
626 2905 776 2974 salutem
791 2905 1033 2987 neeessariam,
1045 2904 1203 2994 quaestio
1218 2904 1372 2972 defertur
1384 2905 1429 2972 ad
1443 2903 1611 2995 apostolos
1625 2910 1658 2972 et
1672 2905 1814 2995 presby-

481 3016 572 3080 teros
597 3010 635 3078 in
657 3010 857 3079 Ierusalem.
884 3015 925 3079 ln
941 3010 1084 3103 publico
1104 3010 1269 3079 ecclesiae
1291 3017 1462 3079 conventu
1482 3011 1607 3078 Paulus
1629 3018 1663 3078 et
1686 3016 1815 3079 Barne-

483 3117 546 3186 bas
567 3123 713 3186 narrant
741 3116 785 3184 de
810 3116 986 3205 evangelii
1005 3117 1098 3184 inter
1126 3124 1246 3204 gentes
1270 3119 1536 3207 propagatione;
1556 3138 1674 3185 verum
1701 3117 1815 3209 phari-

484 3246 643 3293 saeorum
659 3223 805 3314 quidem
817 3222 995 3314 postulant
1008 3221 1215 3311 exigendam
1231 3245 1302 3291 esse
1312 3223 1358 3290 ab
1368 3225 1410 3291 iis
1425 3224 1698 3291 observationem
1714 3223 1811 3310 legis.

483 3336 522 3400 ln
544 3330 681 3422 privato
705 3330 942 3421 apostolorum
964 3335 999 3396 et
1020 3329 1303 3419 presbyterorum
1328 3338 1497 3397 conventu
1519 3331 1672 3420 quaestio
1689 3330 1815 3397 decidi-

482 3443 550 3522 tur,
571 3442 692 3526 gentes
709 3458 782 3504 non
800 3457 872 3504 esse
887 3434 932 3503 ad
948 3456 1027 3504 eam
1044 3434 1421 3525 adigendasdeciditur
1433 3460 1473 3503 eo
1489 3436 1593 3505 modo
1606 3459 1674 3527 quo
1690 3435 1815 3504 l'aulus

483 3550 602 3613 narrat
617 3543 690 3612 Gal.
712 3548 821 3627 Qut.
837 3580 884 3595 —
902 3541 1001 3622 Quod
1015 3563 1095 3609 cum
1114 3540 1152 3608 in
1166 3541 1307 3633 publico
1321 3542 1481 3610 ecclesiae
1496 3548 1667 3611 conventu
1680 3564 1813 3610 annun·

485 3649 607 3719 tiatum
631 3657 720 3717 esset
737 3654 773 3718 et
792 3647 1009 3717 iudaizantes
1027 3647 1274 3732 reclamarent,
1298 3653 1413 3718 Petrus
1431 3650 1584 3716 oratione
1603 3672 1662 3718 sua
1682 3648 1814 3716 animos

486 3756 636 3849 pacavit3
660 3755 840 3825 Barnabas
863 3760 897 3824 et
918 3754 1046 3823 Paulus
1068 3756 1174 3824 rebus
1192 3756 1297 3845 gestis
1315 3756 1466 3847 probant
1482 3757 1555 3824 sine
1567 3756 1644 3844 lege
1656 3761 1775 3843 gentes
1792 3778 1814 3823 a

484 3869 551 3933 Deo
583 3864 706 3952 gratiis
732 3862 858 3932 donari
884 3867 918 3931 et
945 3862 1091 3931 lacobus
1118 3861 1370 3931 conciliationis
1395 3864 1536 3932 modum
1561 3864 1721 3954 proponit
1745 3885 1813 3952 quo

482 3968 695 4039 consuetudo
719 3991 760 4038 ao
779 3968 1029 4037 commercium
1052 3970 1144 4037 inter
1164 3974 1327 4059 utrosque
1346 3969 1477 4037 institui
1498 3971 1677 4038 commode
1696 3967 1813 4059 possit.

484 4081 529 4145 Ea
544 4074 653 4165 igitur
673 4075 810 4145 ratione
827 4076 1014 4144 conficitur
1027 4075 1073 4143 ab
1087 4074 1253 4167 apostolis
1267 4081 1301 4144 et
1313 4075 1521 4166 presbyteris
1536 4076 1727 4158 decretum,
1744 4097 1814 4165 quo

483 4189 603 4273 gentes
623 4181 669 4251 od
689 4182 779 4271 legis
799 4181 1058 4251 observantium
1083 4182 1283 4252 nullatenus
1302 4183 1500 4271 adiguntur,
1520 4204 1560 4252 ea
1575 4190 1690 4251 tamen
1706 4182 1815 4250 vitare

483 4291 647 4359 iubentur
670 4311 759 4382 quac
783 4288 910 4358 maiori
935 4293 1036 4357 erant
1058 4287 1241 4356 offensioni
1265 4290 1301 4356 in
1326 4290 1476 4357 moribus
1497 4289 1692 4378 gentilium.
1720 4287 1815 4366 Quod

484 4396 663 4467 decretum
678 4420 742 4490 per
756 4396 893 4488 aliquos
906 4396 952 4464 ab
965 4395 1129 4488 apostolis
1143 4395 1269 4465 electos
1283 4396 1429 4464 mittitur
1448 4396 1494 4464 ud
1507 4397 1678 4465 ecclesias.

528 4504 685 4575 Narratio
713 4508 786 4574 Act.
822 4502 1022 4573 declaratur
1051 4509 1087 4571 et
1111 4504 1296 4595 suppletur
1321 4502 1365 4571 iis
1395 4526 1482 4596 quac
1511 4504 1635 4571 Paulus
1654 4501 1726 4569 Gal.
1753 4507 1809 4584 2,1

485 4613 601 4682 refert.
634 4617 739 4680 Lucas
778 4633 853 4679 rem
888 4610 939 4680 itu
962 4609 1105 4701 exponit
1130 4616 1309 4702 tamquam
1334 4633 1448 4679 rerum
1471 4610 1629 4701 scriptor,
1661 4616 1699 4678 ut
1721 4630 1809 4698 quae

485 4718 623 4810 publice
646 4723 746 4807 gesta
763 4720 834 4788 sint
850 4724 884 4787 et
903 4718 950 4788 ud
967 4739 1089 4787 omnes
1107 4718 1308 4809 pertineant¹
1322 4717 1468 4786 maxime
1486 4718 1664 4808 respiciat,
1688 4715 1811 4783 Paulus

484 4832 600 4896 autem
621 4826 659 4893 in
680 4848 743 4895 sua
767 4824 812 4895 ad
823 4825 968 4895 Galatas
984 4824 1183 4895 defensione
1203 4847 1243 4894 ca
1258 4825 1370 4913 tangit
1383 4848 1469 4916 quae
1485 4824 1530 4894 ad
1544 4847 1579 4892 se
1596 4822 1811 4915 potissimum
