<?xml version="1.0" encoding="UTF-8"?>
<!DOCTYPE html PUBLIC "-//W3C//DTD XHTML 1.0 Transitional//EN"
    "http://www.w3.org/TR/xhtml1/DTD/xhtml1-transitional.dtd">
<html xmlns="http://www.w3.org/1999/xhtml" xml:lang="en" lang="en">
 <head>
  <title>
</title>
<meta http-equiv="Content-Type" content="text/html;charset=utf-8" />
  <meta name='ocr-system' content='tesseract 3.04.00' />
  <meta name='ocr-capabilities' content='ocr_page ocr_carea ocr_par ocr_line ocrx_word'/>
</head>
<body>
  <div class='ocr_page' id='page_1' title='image "./commentariusina00knabgoog/commentariusina00knabgoog_0225.png"; bbox 0 0 4092 5490; ppageno 0'>
   <div class='ocr_carea' id='block_1_1' title="bbox 193 332 1009 441">
    <p class='ocr_par' dir='ltr' id='par_1_1' title="bbox 10 332 1009 441">
     <span class='ocr_line' id='line_1_1' title="bbox 193 332 1009 441; baseline 0.001 -12.817"><span class='ocrx_word' id='word_1_1' title='bbox 193 404 197 408; x_wconf 88' lang='lat'>-</span> <span class='ocrx_word' id='word_1_2' title='bbox 257 332 316 428; x_wconf 75' lang='lat' dir='ltr'><strong>&#39;aar</strong></span> <span class='ocrx_word' id='word_1_3' title='bbox 571 373 576 381; x_wconf 91' lang='lat'><em>·</em></span> <span class='ocrx_word' id='word_1_4' title='bbox 708 353 711 357; x_wconf 83' lang='grc'><strong>’</strong></span> <span class='ocrx_word' id='word_1_5' title='bbox 817 368 1009 441; x_wconf 67' lang='lat' dir='ltr'><strong>aalma</strong></span> 
     </span>
    </p>
   </div>
   <div class='ocr_carea' id='block_1_2' title="bbox 178 506 1670 1819">
    <p class='ocr_par' dir='ltr' id='par_1_2' title="bbox 178 506 1670 1030">
     <span class='ocr_line' id='line_1_2' title="bbox 256 506 1582 589; baseline -0.006 -17"><span class='ocrx_word' id='word_1_6' title='bbox 256 532 420 586; x_wconf 83' lang='lat' dir='ltr'><strong>permanere</strong></span> <span class='ocrx_word' id='word_1_7' title='bbox 438 506 614 574; x_wconf 47' lang='lat' dir='ltr'><strong>in&#39;Domino‘</strong></span> <span class='ocrx_word' id='word_1_8' title='bbox 633 535 641 571; x_wconf 75' lang='grc' dir='ltr'><strong><em>ε</em></strong></span> <span class='ocrx_word' id='word_1_9' title='bbox 663 521 708 573; x_wconf 77' lang='lat' dir='ltr'><strong>ri.</strong></span> <span class='ocrx_word' id='word_1_10' title='bbox 734 522 805 582; x_wconf 88' lang='lat' dir='ltr'><strong>Quia</strong></span> <span class='ocrx_word' id='word_1_11' title='bbox 831 526 890 573; x_wconf 88' lang='lat' dir='ltr'><strong>erat</strong></span> <span class='ocrx_word' id='word_1_12' title='bbox 935 518 1031 589; x_wconf 82' lang='grc' dir='ltr'>καρδίας</span> <span class='ocrx_word' id='word_1_13' title='bbox 1057 515 1205 588; x_wconf 77' lang='grc' dir='ltr'>προσμένειν</span> <span class='ocrx_word' id='word_1_14' title='bbox 1231 513 1258 567; x_wconf 87' lang='grc' dir='ltr'>έν</span> <span class='ocrx_word' id='word_1_15' title='bbox 1284 517 1323 584; x_wconf 82' lang='grc' dir='ltr'>τῷ</span> <span class='ocrx_word' id='word_1_16' title='bbox 1351 511 1449 583; x_wconf 81' lang='grc' dir='ltr'>Κυρίῳ.</span> <span class='ocrx_word' id='word_1_17' title='bbox 1471 516 1515 568; x_wconf 78' lang='lat' dir='ltr'><strong>ii.</strong></span> <span class='ocrx_word' id='word_1_18' title='bbox 1542 516 1582 567; x_wconf 78' lang='grc' dir='ltr'>ὅτι</span> 
     </span>
     <span class='ocr_line' id='line_1_3' title="bbox 255 597 1582 676; baseline -0.006 -16"><span class='ocrx_word' id='word_1_19' title='bbox 255 609 421 674; x_wconf 84' lang='lat' dir='ltr'><strong>virbonus,</strong></span> <span class='ocrx_word' id='word_1_20' title='bbox 440 613 469 662; x_wconf 89' lang='lat' dir='ltr'><strong>et</strong></span> <span class='ocrx_word' id='word_1_21' title='bbox 488 611 588 676; x_wconf 82' lang='lat' dir='ltr'><strong>planus</strong></span> <span class='ocrx_word' id='word_1_22' title='bbox 613 609 719 675; x_wconf 76' lang='lat' dir='ltr'><strong>Spiritu</strong></span> <span class='ocrx_word' id='word_1_23' title='bbox 743 612 840 661; x_wconf 85' lang='lat' dir='ltr'><strong>sanato</strong></span> <span class='ocrx_word' id='word_1_24' title='bbox 862 615 890 659; x_wconf 86' lang='lat' dir='ltr'><strong>et</strong></span> <span class='ocrx_word' id='word_1_25' title='bbox 934 601 965 670; x_wconf 72' lang='grc' dir='ltr'>ἦν</span> <span class='ocrx_word' id='word_1_26' title='bbox 983 603 1151 675; x_wconf 76' lang='grc' dir='ltr'>ἀνὴράγαθίκς</span> <span class='ocrx_word' id='word_1_27' title='bbox 1168 605 1211 658; x_wconf 86' lang='grc' dir='ltr'><strong>καί</strong></span> <span class='ocrx_word' id='word_1_28' title='bbox 1228 600 1480 675; x_wconf 72' lang='grc' dir='ltr'>πλήρηςίίνιθμιισοι</span> <span class='ocrx_word' id='word_1_29' title='bbox 1493 597 1582 669; x_wconf 73' lang='grc' dir='ltr'>Ἀγίου</span> 
     </span>
     <span class='ocr_line' id='line_1_4' title="bbox 255 682 1670 764; baseline -0.007 -15"><span class='ocrx_word' id='word_1_30' title='bbox 255 697 320 752; x_wconf 81' lang='lat' dir='ltr'><strong>tide.</strong></span> <span class='ocrx_word' id='word_1_31' title='bbox 347 700 381 752; x_wconf 85' lang='lat' dir='ltr'><strong>Et</strong></span> <span class='ocrx_word' id='word_1_32' title='bbox 406 701 535 764; x_wconf 80' lang='lat' dir='ltr'><strong>apposita</strong></span> <span class='ocrx_word' id='word_1_33' title='bbox 560 701 603 750; x_wconf 91' lang='lat' dir='ltr'><strong>est</strong></span> <span class='ocrx_word' id='word_1_34' title='bbox 617 697 705 748; x_wconf 79' lang='lat' dir='ltr'><strong>multa</strong></span> <span class='ocrx_word' id='word_1_35' title='bbox 733 697 813 747; x_wconf 83' lang='lat' dir='ltr'><strong>turba</strong></span> <span class='ocrx_word' id='word_1_36' title='bbox 836 697 889 746; x_wconf 90' lang='lat' dir='ltr'><strong>Do·</strong></span> <span class='ocrx_word' id='word_1_37' title='bbox 933 691 976 743; x_wconf 75' lang='grc' dir='ltr'><strong>καί</strong></span> <span class='ocrx_word' id='word_1_38' title='bbox 1000 693 1115 752; x_wconf 85' lang='grc' dir='ltr'>πίστεως.</span> <span class='ocrx_word' id='word_1_39' title='bbox 1144 691 1188 744; x_wconf 74' lang='grc' dir='ltr'><strong>καί</strong></span> <span class='ocrx_word' id='word_1_40' title='bbox 1221 693 1362 762; x_wconf 72' lang='grc' dir='ltr'>προσετέθη</span> <span class='ocrx_word' id='word_1_41' title='bbox 1390 689 1470 764; x_wconf 80' lang='grc' dir='ltr'>ὄχλος</span> <span class='ocrx_word' id='word_1_42' title='bbox 1499 682 1583 750; x_wconf 67' lang='lat' dir='ltr'><strong>taint,</strong></span> <span class='ocrx_word' id='word_1_43' title='bbox 1668 702 1670 705; x_wconf 82' lang='lat'>·</span> 
     </span>
     <span class='ocr_line' id='line_1_5' title="bbox 186 776 1582 849; baseline -0.007 -11"><span class='ocrx_word' id='word_1_44' title='bbox 186 808 187 811; x_wconf 39' lang='lat'>¹</span> <span class='ocrx_word' id='word_1_45' title='bbox 254 790 341 840; x_wconf 87' lang='lat' dir='ltr'><strong>mino.</strong></span> <span class='ocrx_word' id='word_1_46' title='bbox 358 788 400 840; x_wconf 76' lang='lat'><strong>25.</strong></span> <span class='ocrx_word' id='word_1_47' title='bbox 419 787 564 838; x_wconf 87' lang='lat' dir='ltr'><strong>Proiectus</strong></span> <span class='ocrx_word' id='word_1_48' title='bbox 583 788 627 835; x_wconf 87' lang='lat' dir='ltr'><strong>est</strong></span> <span class='ocrx_word' id='word_1_49' title='bbox 640 786 733 835; x_wconf 86' lang='lat' dir='ltr'><strong>autem</strong></span> <span class='ocrx_word' id='word_1_50' title='bbox 747 782 889 833; x_wconf 77' lang='lat' dir='ltr'><strong>Barnabas</strong></span> <span class='ocrx_word' id='word_1_51' title='bbox 934 784 969 849; x_wconf 83' lang='grc' dir='ltr'>τῷ</span> <span class='ocrx_word' id='word_1_52' title='bbox 1000 778 1091 849; x_wconf 79' lang='grc' dir='ltr'>Κυρίῳ.</span> <span class='ocrx_word' id='word_1_53' title='bbox 1126 782 1171 833; x_wconf 78' lang='lat'><strong>25.</strong></span> <span class='ocrx_word' id='word_1_54' title='bbox 1206 777 1328 844; x_wconf 78' lang='grc' dir='ltr'>Ἐξῆλθεν</span> <span class='ocrx_word' id='word_1_55' title='bbox 1360 778 1388 833; x_wconf 80' lang='grc' dir='ltr'><strong>δὲ</strong></span> <span class='ocrx_word' id='word_1_56' title='bbox 1419 778 1453 841; x_wconf 79' lang='grc' dir='ltr'><strong>εἰς</strong></span> <span class='ocrx_word' id='word_1_57' title='bbox 1485 776 1582 848; x_wconf 82' lang='grc' dir='ltr'>Ταρσδν</span> 
     </span>
     <span class='ocr_line' id='line_1_6' title="bbox 254 865 1581 939; baseline -0.008 -10"><span class='ocrx_word' id='word_1_58' title='bbox 254 877 385 937; x_wconf 81' lang='lat' dir='ltr'><strong>Tarsum,</strong></span> <span class='ocrx_word' id='word_1_59' title='bbox 414 877 446 926; x_wconf 88' lang='lat' dir='ltr'><strong>ut</strong></span> <span class='ocrx_word' id='word_1_60' title='bbox 472 872 620 939; x_wconf 79' lang='lat' dir='ltr'><strong>quaereret</strong></span> <span class='ocrx_word' id='word_1_61' title='bbox 648 868 779 931; x_wconf 64' lang='lat' dir='ltr'><strong>fluuium</strong></span> <span class='ocrx_word' id='word_1_62' title='bbox 804 881 888 934; x_wconf 83' lang='lat' dir='ltr'><strong>quem</strong></span> <span class='ocrx_word' id='word_1_63' title='bbox 934 865 1086 934; x_wconf 72' lang='grc' dir='ltr'>ἀναζητῆσαι</span> <span class='ocrx_word' id='word_1_64' title='bbox 1116 866 1243 928; x_wconf 57' lang='grc' dir='ltr'>Σαῦλον,</span> <span class='ocrx_word' id='word_1_65' title='bbox 1284 866 1327 919; x_wconf 79' lang='grc' dir='ltr'><strong>καί</strong></span> <span class='ocrx_word' id='word_1_66' title='bbox 1365 866 1442 938; x_wconf 63' lang='lat' dir='ltr'><strong>tipus</strong></span> <span class='ocrx_word' id='word_1_67' title='bbox 1485 865 1581 937; x_wconf 75' lang='grc' dir='ltr'>ἤγαγεν</span> 
     </span>
     <span class='ocr_line' id='line_1_7' title="bbox 178 953 1589 1030; baseline -0.007 -14"><span class='ocrx_word' id='word_1_68' title='bbox 178 984 186 996; x_wconf 78' lang='grc'><em>·</em></span> <span class='ocrx_word' id='word_1_69' title='bbox 253 978 339 1030; x_wconf 87' lang='lat' dir='ltr'><strong>quum</strong></span> <span class='ocrx_word' id='word_1_70' title='bbox 364 961 531 1019; x_wconf 83' lang='lat' dir='ltr'><strong>invenisset,</strong></span> <span class='ocrx_word' id='word_1_71' title='bbox 551 957 680 1024; x_wconf 86' lang='lat' dir='ltr'><strong>perduxit</strong></span> <span class='ocrx_word' id='word_1_72' title='bbox 699 957 886 1009; x_wconf 76' lang='lat' dir='ltr'><strong>Antiochiam.</strong></span> <span class='ocrx_word' id='word_1_73' title='bbox 934 954 967 1019; x_wconf 80' lang='grc' dir='ltr'><strong>εἰς</strong></span> <span class='ocrx_word' id='word_1_74' title='bbox 1000 953 1174 1028; x_wconf 77' lang='grc' dir='ltr'>Ἀντιόχειαν.</span> <span class='ocrx_word' id='word_1_75' title='bbox 1214 957 1258 1008; x_wconf 81' lang='grc'><strong>26.</strong></span> <span class='ocrx_word' id='word_1_76' title='bbox 1294 953 1395 1025; x_wconf 77' lang='grc' dir='ltr'>ἐγένετο</span> <span class='ocrx_word' id='word_1_77' title='bbox 1432 953 1460 1007; x_wconf 87' lang='grc' dir='ltr'><strong>δέ</strong></span> <span class='ocrx_word' id='word_1_78' title='bbox 1496 953 1589 1018; x_wconf 60' lang='lat' dir='ltr'><strong>«troie.</strong></span> 
     </span>
    </p>

    <p class='ocr_par' dir='ltr' id='par_1_3' title="bbox 200 1038 1583 1379">
     <span class='ocr_line' id='line_1_8' title="bbox 200 1038 1582 1113; baseline -0.008 -8"><span class='ocrx_word' id='word_1_79' title='bbox 200 1051 204 1054; x_wconf 79' lang='grc'><strong>’</strong></span> <span class='ocrx_word' id='word_1_80' title='bbox 253 1053 298 1104; x_wconf 78' lang='lat'><strong>26.</strong></span> <span class='ocrx_word' id='word_1_81' title='bbox 321 1051 356 1102; x_wconf 78' lang='lat' dir='ltr'><strong>nt</strong></span> <span class='ocrx_word' id='word_1_82' title='bbox 384 1060 489 1099; x_wconf 82' lang='lat' dir='ltr'><strong>annum</strong></span> <span class='ocrx_word' id='word_1_83' title='bbox 517 1048 607 1098; x_wconf 87' lang='lat' dir='ltr'><strong>totum</strong></span> <span class='ocrx_word' id='word_1_84' title='bbox 634 1044 791 1098; x_wconf 76' lang='lat' dir='ltr'><strong>conversati</strong></span> <span class='ocrx_word' id='word_1_85' title='bbox 822 1049 889 1098; x_wconf 84' lang='lat' dir='ltr'><strong>aunt</strong></span> <span class='ocrx_word' id='word_1_86' title='bbox 933 1044 976 1097; x_wconf 85' lang='grc' dir='ltr'><strong>καί</strong></span> <span class='ocrx_word' id='word_1_87' title='bbox 990 1043 1104 1098; x_wconf 79' lang='grc' dir='ltr'>ίνικυιδν</span> <span class='ocrx_word' id='word_1_88' title='bbox 1122 1043 1185 1097; x_wconf 83' lang='grc' dir='ltr'>δλον</span> <span class='ocrx_word' id='word_1_89' title='bbox 1209 1045 1367 1112; x_wconf 76' lang='grc' dir='ltr'>συναχθῆναι</span> <span class='ocrx_word' id='word_1_90' title='bbox 1386 1038 1412 1095; x_wconf 93' lang='grc' dir='ltr'>ίν</span> <span class='ocrx_word' id='word_1_91' title='bbox 1436 1046 1468 1113; x_wconf 71' lang='grc' dir='ltr'>τῇ</span> <span class='ocrx_word' id='word_1_92' title='bbox 1490 1040 1582 1109; x_wconf 81' lang='grc' dir='ltr'>ίιοιλη-</span> 
     </span>
     <span class='ocr_line' id='line_1_9' title="bbox 252 1116 1583 1205; baseline -0.008 -15"><span class='ocrx_word' id='word_1_93' title='bbox 252 1140 290 1190; x_wconf 88' lang='lat' dir='ltr'><strong>ibi</strong></span> <span class='ocrx_word' id='word_1_94' title='bbox 320 1120 349 1187; x_wconf 88' lang='lat' dir='ltr'><strong>in</strong></span> <span class='ocrx_word' id='word_1_95' title='bbox 380 1135 512 1199; x_wconf 51' lang='lat' dir='ltr'><strong>ecelesia</strong></span> <span class='ocrx_word' id='word_1_96' title='bbox 538 1138 567 1189; x_wconf 90' lang='lat' dir='ltr'><strong>et</strong></span> <span class='ocrx_word' id='word_1_97' title='bbox 593 1134 748 1187; x_wconf 78' lang='lat' dir='ltr'><strong>docuerunt</strong></span> <span class='ocrx_word' id='word_1_98' title='bbox 775 1120 894 1187; x_wconf 37' lang='lat' dir='ltr'><strong>turbam*</strong></span> <span class='ocrx_word' id='word_1_99' title='bbox 932 1133 987 1204; x_wconf 68' lang='grc' dir='ltr'>σίμ,</span> <span class='ocrx_word' id='word_1_100' title='bbox 1021 1116 1064 1186; x_wconf 68' lang='grc' dir='ltr'><strong>καί</strong></span> <span class='ocrx_word' id='word_1_101' title='bbox 1094 1131 1205 1194; x_wconf 76' lang='grc' dir='ltr'>διδάξαι</span> <span class='ocrx_word' id='word_1_102' title='bbox 1223 1130 1306 1205; x_wconf 72' lang='grc' dir='ltr'>ὄχλον</span> <span class='ocrx_word' id='word_1_103' title='bbox 1344 1129 1447 1193; x_wconf 81' lang='grc' dir='ltr'>ίκανθν,</span> <span class='ocrx_word' id='word_1_104' title='bbox 1479 1149 1583 1202; x_wconf 60' lang='lat' dir='ltr'><strong>ypapa-</strong></span> 
     </span>
     <span class='ocr_line' id='line_1_10' title="bbox 252 1218 1581 1294; baseline -0.005 -18"><span class='ocrx_word' id='word_1_105' title='bbox 252 1225 383 1286; x_wconf 78' lang='lat' dir='ltr'><strong>multam,</strong></span> <span class='ocrx_word' id='word_1_106' title='bbox 407 1224 447 1274; x_wconf 80' lang='lat' dir='ltr'><strong>ita</strong></span> <span class='ocrx_word' id='word_1_107' title='bbox 478 1225 510 1275; x_wconf 93' lang='lat' dir='ltr'><strong>ut</strong></span> <span class='ocrx_word' id='word_1_108' title='bbox 541 1225 804 1289; x_wconf 71' lang='lat' dir='ltr'><strong>cognominarentur</strong></span> <span class='ocrx_word' id='word_1_109' title='bbox 826 1226 885 1289; x_wconf 84' lang='lat' dir='ltr'><strong>pri·</strong></span> <span class='ocrx_word' id='word_1_110' title='bbox 932 1221 997 1274; x_wconf 86' lang='grc' dir='ltr'>τίσαι</span> <span class='ocrx_word' id='word_1_111' title='bbox 1018 1238 1046 1273; x_wconf 84' lang='grc' dir='ltr'>τε</span> <span class='ocrx_word' id='word_1_112' title='bbox 1073 1222 1178 1292; x_wconf 79' lang='grc' dir='ltr'>πρώτως</span> <span class='ocrx_word' id='word_1_113' title='bbox 1200 1218 1227 1274; x_wconf 84' lang='grc' dir='ltr'>έν</span> <span class='ocrx_word' id='word_1_114' title='bbox 1249 1218 1391 1294; x_wconf 74' lang='grc' dir='ltr'>Ἀντιοχείᾳ</span> <span class='ocrx_word' id='word_1_115' title='bbox 1417 1218 1476 1280; x_wconf 69' lang='grc' dir='ltr'>τοὺς</span> <span class='ocrx_word' id='word_1_116' title='bbox 1498 1219 1581 1288; x_wconf 74' lang='grc' dir='ltr'>μαθη-</span> 
     </span>
     <span class='ocr_line' id='line_1_11' title="bbox 252 1307 1162 1379; baseline 0 -17"><span class='ocrx_word' id='word_1_117' title='bbox 252 1324 327 1363; x_wconf 88' lang='lat' dir='ltr'><strong>mum</strong></span> <span class='ocrx_word' id='word_1_118' title='bbox 351 1312 517 1364; x_wconf 79' lang='lat' dir='ltr'><strong>Antioohiae</strong></span> <span class='ocrx_word' id='word_1_119' title='bbox 541 1308 684 1379; x_wconf 81' lang='lat' dir='ltr'><strong>disoipuli,</strong></span> <span class='ocrx_word' id='word_1_120' title='bbox 706 1312 867 1364; x_wconf 79' lang='lat' dir='ltr'><strong>christiani.</strong></span> <span class='ocrx_word' id='word_1_121' title='bbox 932 1307 974 1369; x_wconf 77' lang='grc' dir='ltr'>ιίις</span> <span class='ocrx_word' id='word_1_122' title='bbox 991 1307 1162 1378; x_wconf 79' lang='grc' dir='ltr'>Χριστιανούς.</span> 
     </span>
    </p>

    <p class='ocr_par' dir='ltr' id='par_1_4' title="bbox 251 1393 1659 1819">
     <span class='ocr_line' id='line_1_12' title="bbox 288 1393 1582 1466; baseline -0.002 -15"><span class='ocrx_word' id='word_1_123' title='bbox 288 1400 332 1452; x_wconf 73' lang='lat'><strong>27.</strong></span> <span class='ocrx_word' id='word_1_124' title='bbox 355 1401 388 1451; x_wconf 89' lang='lat' dir='ltr'><strong>ln</strong></span> <span class='ocrx_word' id='word_1_125' title='bbox 411 1401 456 1452; x_wconf 85' lang='lat' dir='ltr'><strong>his</strong></span> <span class='ocrx_word' id='word_1_126' title='bbox 471 1401 572 1452; x_wconf 66' lang='lat' dir='ltr'><strong>&#39;autem</strong></span> <span class='ocrx_word' id='word_1_127' title='bbox 594 1399 693 1451; x_wconf 84' lang='lat' dir='ltr'><strong>(liebus</strong></span> <span class='ocrx_word' id='word_1_128' title='bbox 716 1411 886 1464; x_wconf 83' lang='lat' dir='ltr'><strong>supervene·</strong></span> <span class='ocrx_word' id='word_1_129' title='bbox 955 1400 1013 1451; x_wconf 65' lang='lat' dir='ltr'><strong>ui.</strong></span> <span class='ocrx_word' id='word_1_130' title='bbox 1050 1393 1095 1448; x_wconf 83' lang='grc' dir='ltr'>Ἐν</span> <span class='ocrx_word' id='word_1_131' title='bbox 1127 1395 1228 1457; x_wconf 82' lang='grc' dir='ltr'>ταύταις</span> <span class='ocrx_word' id='word_1_132' title='bbox 1252 1395 1279 1448; x_wconf 78' lang='grc' dir='ltr'><strong>δέ</strong></span> <span class='ocrx_word' id='word_1_133' title='bbox 1301 1397 1358 1457; x_wconf 79' lang='grc' dir='ltr'>ταῖς</span> <span class='ocrx_word' id='word_1_134' title='bbox 1390 1395 1493 1466; x_wconf 74' lang='grc' dir='ltr'>ἡμέραις</span> <span class='ocrx_word' id='word_1_135' title='bbox 1524 1413 1582 1448; x_wconf 84' lang='grc' dir='ltr'>κατ·</span> 
     </span>
     <span class='ocr_line' id='line_1_13' title="bbox 252 1480 1582 1555; baseline -0.005 -14"><span class='ocrx_word' id='word_1_136' title='bbox 252 1494 318 1541; x_wconf 87' lang='lat' dir='ltr'><strong>runt</strong></span> <span class='ocrx_word' id='word_1_137' title='bbox 345 1488 380 1540; x_wconf 87' lang='lat' dir='ltr'><strong>ab</strong></span> <span class='ocrx_word' id='word_1_138' title='bbox 405 1488 583 1551; x_wconf 81' lang='lat' dir='ltr'><strong>ierosolymis</strong></span> <span class='ocrx_word' id='word_1_139' title='bbox 609 1487 763 1553; x_wconf 82' lang='lat' dir='ltr'><strong>prophetae</strong></span> <span class='ocrx_word' id='word_1_140' title='bbox 788 1487 887 1537; x_wconf 80' lang='lat' dir='ltr'><strong>Antio-</strong></span> <span class='ocrx_word' id='word_1_141' title='bbox 942 1482 1022 1551; x_wconf 73' lang='lat' dir='ltr'><strong>illisa</strong></span> <span class='ocrx_word' id='word_1_142' title='bbox 1061 1483 1111 1538; x_wconf 84' lang='grc' dir='ltr'><strong>ἀπδ</strong></span> <span class='ocrx_word' id='word_1_143' title='bbox 1154 1480 1334 1555; x_wconf 75' lang='grc' dir='ltr'>Ἱεροσολύμων</span> <span class='ocrx_word' id='word_1_144' title='bbox 1380 1486 1505 1552; x_wconf 74' lang='grc' dir='ltr'>προφῆται</span> <span class='ocrx_word' id='word_1_145' title='bbox 1548 1480 1582 1545; x_wconf 86' lang='grc' dir='ltr'><strong>είς</strong></span> 
     </span>
     <span class='ocr_line' id='line_1_14' title="bbox 251 1566 1580 1642; baseline -0.005 -15"><span class='ocrx_word' id='word_1_146' title='bbox 251 1578 354 1628; x_wconf 79' lang='lat' dir='ltr'><strong>ahiam.</strong></span> <span class='ocrx_word' id='word_1_147' title='bbox 373 1576 418 1628; x_wconf 67' lang='lat'><strong>28.</strong></span> <span class='ocrx_word' id='word_1_148' title='bbox 434 1576 469 1626; x_wconf 87' lang='lat' dir='ltr'><strong>Et</strong></span> <span class='ocrx_word' id='word_1_149' title='bbox 487 1581 606 1640; x_wconf 76' lang='lat' dir='ltr'><strong>surgens</strong></span> <span class='ocrx_word' id='word_1_150' title='bbox 622 1588 697 1626; x_wconf 88' lang='lat' dir='ltr'><strong>unus</strong></span> <span class='ocrx_word' id='word_1_151' title='bbox 711 1586 745 1626; x_wconf 86' lang='lat' dir='ltr'><strong>ex</strong></span> <span class='ocrx_word' id='word_1_152' title='bbox 763 1575 818 1634; x_wconf 84' lang='lat' dir='ltr'><strong>eis,</strong></span> <span class='ocrx_word' id='word_1_153' title='bbox 835 1588 888 1625; x_wconf 89' lang='lat' dir='ltr'><strong>no-</strong></span> <span class='ocrx_word' id='word_1_154' title='bbox 937 1569 1107 1642; x_wconf 78' lang='grc' dir='ltr'>Ἀντιθχειαν.</span> <span class='ocrx_word' id='word_1_155' title='bbox 1137 1576 1183 1627; x_wconf 73' lang='lat'><strong>28.</strong></span> <span class='ocrx_word' id='word_1_156' title='bbox 1222 1570 1332 1634; x_wconf 72' lang='grc' dir='ltr'>ἀναστὰς</span> <span class='ocrx_word' id='word_1_157' title='bbox 1363 1569 1391 1623; x_wconf 82' lang='grc' dir='ltr'><strong>δέ</strong></span> <span class='ocrx_word' id='word_1_158' title='bbox 1419 1566 1453 1632; x_wconf 86' lang='grc' dir='ltr'><strong>είς</strong></span> <span class='ocrx_word' id='word_1_159' title='bbox 1485 1569 1510 1632; x_wconf 74' lang='lat' dir='ltr'><strong>n</strong></span> <span class='ocrx_word' id='word_1_160' title='bbox 1536 1568 1580 1622; x_wconf 81' lang='grc' dir='ltr'><strong>αθ-</strong></span> 
     </span>
     <span class='ocr_line' id='line_1_15' title="bbox 252 1654 1659 1739; baseline -0.004 -24"><span class='ocrx_word' id='word_1_161' title='bbox 252 1667 328 1716; x_wconf 87' lang='lat' dir='ltr'><strong>mine</strong></span> <span class='ocrx_word' id='word_1_162' title='bbox 348 1663 477 1728; x_wconf 76' lang='lat' dir='ltr'><strong>Agabus,</strong></span> <span class='ocrx_word' id='word_1_163' title='bbox 497 1662 673 1727; x_wconf 72' lang='lat' dir='ltr'><strong>signifioabat</strong></span> <span class='ocrx_word' id='word_1_164' title='bbox 690 1660 888 1728; x_wconf 85' lang='lat' dir='ltr'><strong>perspiritum</strong></span> <span class='ocrx_word' id='word_1_165' title='bbox 932 1665 992 1728; x_wconf 84' lang='grc' dir='ltr'>τῶν,</span> <span class='ocrx_word' id='word_1_166' title='bbox 1016 1659 1125 1731; x_wconf 81' lang='grc' dir='ltr'>ὀνόματι</span> <span class='ocrx_word' id='word_1_167' title='bbox 1152 1657 1279 1727; x_wconf 67' lang='grc' dir='ltr'>Ἀγιδος,</span> <span class='ocrx_word' id='word_1_168' title='bbox 1309 1654 1442 1729; x_wconf 72' lang='grc' dir='ltr'>ἐσήμαινεν</span> <span class='ocrx_word' id='word_1_169' title='bbox 1470 1657 1513 1710; x_wconf 81' lang='grc' dir='ltr'><strong>διὰ</strong></span> <span class='ocrx_word' id='word_1_170' title='bbox 1538 1661 1581 1710; x_wconf 76' lang='grc' dir='ltr'><strong>τοῦ</strong></span> <span class='ocrx_word' id='word_1_171' title='bbox 1656 1728 1659 1739; x_wconf 29' lang='lat'>¹</span> 
     </span>
     <span class='ocr_line' id='line_1_16' title="bbox 252 1745 1582 1819; baseline -0.002 -18"><span class='ocrx_word' id='word_1_172' title='bbox 252 1751 355 1802; x_wconf 69' lang='lat' dir='ltr'><strong>hinem</strong></span> <span class='ocrx_word' id='word_1_173' title='bbox 387 1763 519 1816; x_wconf 74' lang='lat' dir='ltr'><strong>magnam</strong></span> <span class='ocrx_word' id='word_1_174' title='bbox 548 1749 669 1803; x_wconf 78' lang='lat' dir='ltr'><strong>intusum</strong></span> <span class='ocrx_word' id='word_1_175' title='bbox 702 1752 732 1802; x_wconf 90' lang='lat' dir='ltr'><strong>in</strong></span> <span class='ocrx_word' id='word_1_176' title='bbox 756 1752 887 1803; x_wconf 83' lang='lat' dir='ltr'><strong>universo</strong></span> <span class='ocrx_word' id='word_1_177' title='bbox 931 1747 1090 1819; x_wconf 84' lang='grc' dir='ltr'>Πνεθμασος,</span> <span class='ocrx_word' id='word_1_178' title='bbox 1114 1747 1192 1818; x_wconf 80' lang='grc' dir='ltr'>λιμδν</span> <span class='ocrx_word' id='word_1_179' title='bbox 1217 1747 1332 1819; x_wconf 76' lang='grc' dir='ltr'>μεγάλην</span> <span class='ocrx_word' id='word_1_180' title='bbox 1358 1746 1461 1818; x_wconf 84' lang='grc' dir='ltr'>μίλλειν</span> <span class='ocrx_word' id='word_1_181' title='bbox 1483 1745 1582 1799; x_wconf 74' lang='grc' dir='ltr'>ἔσεσθαι</span> 
     </span>
    </p>
   </div>
   <div class='ocr_carea' id='block_1_3' title="bbox 11 1820 1696 1996">
    <p class='ocr_par' dir='ltr' id='par_1_5' title="bbox 11 1820 1696 2011">
     <span class='ocr_line' id='line_1_17' title="bbox 11 1820 1696 1923; baseline -0.004 -32"><span class='ocrx_word' id='word_1_182' title='bbox 11 1905 22 1914; x_wconf 75' lang='lat'><em>.</em></span> <span class='ocrx_word' id='word_1_183' title='bbox 155 1915 158 1921; x_wconf 69' lang='lat'><strong>,</strong></span> <span class='ocrx_word' id='word_1_184' title='bbox 252 1838 320 1890; x_wconf 82' lang='lat' dir='ltr'><strong>orbo</strong></span> <span class='ocrx_word' id='word_1_185' title='bbox 337 1843 489 1919; x_wconf 74' lang='lat' dir='ltr'><strong>terrarum,</strong></span> <span class='ocrx_word' id='word_1_186' title='bbox 503 1852 576 1923; x_wconf 72' lang='lat' dir='ltr'><strong>quse</strong></span> <span class='ocrx_word' id='word_1_187' title='bbox 591 1839 666 1892; x_wconf 77' lang='lat' dir='ltr'><strong>isaia</strong></span> <span class='ocrx_word' id='word_1_188' title='bbox 681 1844 724 1893; x_wconf 84' lang='lat' dir='ltr'><strong>est</strong></span> <span class='ocrx_word' id='word_1_189' title='bbox 738 1841 791 1892; x_wconf 89' lang='lat' dir='ltr'><strong>sub</strong></span> <span class='ocrx_word' id='word_1_190' title='bbox 807 1839 887 1911; x_wconf 79' lang='lat' dir='ltr'><strong>Clau·</strong></span> <span class='ocrx_word' id='word_1_191' title='bbox 932 1835 973 1909; x_wconf 72' lang='lat' dir='ltr'><strong>ip’</strong></span> <span class='ocrx_word' id='word_1_192' title='bbox 1005 1820 1069 1904; x_wconf 68' lang='grc' dir='ltr'>ὅλην</span> <span class='ocrx_word' id='word_1_193' title='bbox 1109 1834 1156 1902; x_wconf 81' lang='grc' dir='ltr'><strong>τὴν</strong></span> <span class='ocrx_word' id='word_1_194' title='bbox 1194 1834 1353 1907; x_wconf 72' lang='grc' dir='ltr'>οἰκουμένην·</span> <span class='ocrx_word' id='word_1_195' title='bbox 1393 1835 1446 1901; x_wconf 75' lang='grc' dir='ltr'>ἥτις</span> <span class='ocrx_word' id='word_1_196' title='bbox 1482 1832 1582 1904; x_wconf 69' lang='grc' dir='ltr'>ἐγένετο</span> <span class='ocrx_word' id='word_1_197' title='bbox 1693 1850 1696 1853; x_wconf 91' lang='grc'><strong><em>·</em></strong></span> 
     </span>
     <span class='ocr_line' id='line_1_18' title="bbox 64 1922 1582 1996; baseline 0.001 -23.94"><span class='ocrx_word' id='word_1_198' title='bbox 64 1989 73 1996; x_wconf 81' lang='lat'>.</span> <span class='ocrx_word' id='word_1_199' title='bbox 252 1925 309 1977; x_wconf 89' lang='lat' dir='ltr'><strong>dio.</strong></span> <span class='ocrx_word' id='word_1_200' title='bbox 326 1925 371 1978; x_wconf 75' lang='lat'><strong>29.</strong></span> <span class='ocrx_word' id='word_1_201' title='bbox 386 1927 522 1993; x_wconf 77' lang='lat' dir='ltr'><strong>Discipuli</strong></span> <span class='ocrx_word' id='word_1_202' title='bbox 538 1933 645 1990; x_wconf 77' lang='lat' dir='ltr'><strong>autem,</strong></span> <span class='ocrx_word' id='word_1_203' title='bbox 661 1931 743 1993; x_wconf 85' lang='lat' dir='ltr'><strong>prout</strong></span> <span class='ocrx_word' id='word_1_204' title='bbox 757 1930 820 1993; x_wconf 85' lang='lat' dir='ltr'><strong>quis</strong></span> <span class='ocrx_word' id='word_1_205' title='bbox 834 1929 886 1978; x_wconf 81' lang='lat' dir='ltr'><strong>ha·</strong></span> <span class='ocrx_word' id='word_1_206' title='bbox 932 1925 972 1979; x_wconf 84' lang='grc' dir='ltr'><strong>έπί</strong></span> <span class='ocrx_word' id='word_1_207' title='bbox 989 1924 1124 1978; x_wconf 78' lang='grc' dir='ltr'>Κλαυδίου.</span> <span class='ocrx_word' id='word_1_208' title='bbox 1156 1927 1200 1979; x_wconf 79' lang='lat'><strong>29.</strong></span> <span class='ocrx_word' id='word_1_209' title='bbox 1220 1929 1271 1977; x_wconf 84' lang='grc' dir='ltr'><strong>τῶν</strong></span> <span class='ocrx_word' id='word_1_210' title='bbox 1299 1922 1326 1976; x_wconf 82' lang='grc' dir='ltr'><strong>δέ</strong></span> <span class='ocrx_word' id='word_1_211' title='bbox 1352 1924 1472 1994; x_wconf 79' lang='grc' dir='ltr'>μαθητῶν</span> <span class='ocrx_word' id='word_1_212' title='bbox 1500 1922 1582 1984; x_wconf 82' lang='grc' dir='ltr'>καθὼς</span> 
     </span>
    </p>
   </div>
   <div class='ocr_carea' id='block_1_4' title="bbox 251 2004 1582 2261">
    <p class='ocr_par' dir='ltr' id='par_1_6' title="bbox 251 2004 1582 2261">
     <span class='ocr_line' id='line_1_19' title="bbox 251 2004 1582 2084; baseline -0.003 -19"><span class='ocrx_word' id='word_1_213' title='bbox 251 2004 336 2068; x_wconf 69' lang='lat' dir='ltr'><strong>nebit</strong></span> <span class='ocrx_word' id='word_1_214' title='bbox 357 2020 564 2081; x_wconf 84' lang='lat' dir='ltr'><strong>proposuerunt</strong></span> <span class='ocrx_word' id='word_1_215' title='bbox 581 2017 689 2081; x_wconf 73' lang='lat' dir='ltr'><strong>singuli</strong></span> <span class='ocrx_word' id='word_1_216' title='bbox 711 2018 741 2067; x_wconf 89' lang='lat' dir='ltr'><strong>ln</strong></span> <span class='ocrx_word' id='word_1_217' title='bbox 763 2017 887 2068; x_wconf 87' lang='lat' dir='ltr'><strong>ministe-</strong></span> <span class='ocrx_word' id='word_1_218' title='bbox 928 2012 1058 2084; x_wconf 76' lang='grc' dir='ltr'>τθποριίτθ</span> <span class='ocrx_word' id='word_1_219' title='bbox 1092 2032 1143 2078; x_wconf 85' lang='grc' dir='ltr'>τις,</span> <span class='ocrx_word' id='word_1_220' title='bbox 1171 2014 1264 2083; x_wconf 79' lang='grc' dir='ltr'>ίθρισαν</span> <span class='ocrx_word' id='word_1_221' title='bbox 1297 2012 1401 2073; x_wconf 77' lang='grc' dir='ltr'>ἕκαστος</span> <span class='ocrx_word' id='word_1_222' title='bbox 1436 2009 1515 2065; x_wconf 56' lang='lat' dir='ltr'><strong>atzar</strong></span> <span class='ocrx_word' id='word_1_223' title='bbox 1548 2009 1582 2072; x_wconf 80' lang='grc' dir='ltr'><strong>είς</strong></span> 
     </span>
     <span class='ocr_line' id='line_1_20' title="bbox 251 2097 1582 2174; baseline -0.002 -22"><span class='ocrx_word' id='word_1_224' title='bbox 251 2104 324 2154; x_wconf 84' lang='lat' dir='ltr'><strong>rium</strong></span> <span class='ocrx_word' id='word_1_225' title='bbox 361 2104 472 2156; x_wconf 85' lang='lat' dir='ltr'><strong>mittere</strong></span> <span class='ocrx_word' id='word_1_226' title='bbox 503 2104 694 2156; x_wconf 69' lang='lat' dir='ltr'><strong>habitantibus</strong></span> <span class='ocrx_word' id='word_1_227' title='bbox 724 2106 753 2155; x_wconf 90' lang='lat' dir='ltr'><strong>in</strong></span> <span class='ocrx_word' id='word_1_228' title='bbox 784 2104 888 2157; x_wconf 80' lang='lat' dir='ltr'><strong>iudaea</strong></span> <span class='ocrx_word' id='word_1_229' title='bbox 932 2102 1059 2156; x_wconf 74' lang='grc' dir='ltr'>διακονίαν</span> <span class='ocrx_word' id='word_1_230' title='bbox 1092 2102 1186 2174; x_wconf 71' lang='grc' dir='ltr'>πέμψαι</span> <span class='ocrx_word' id='word_1_231' title='bbox 1214 2103 1269 2162; x_wconf 77' lang='grc' dir='ltr'>τοῖς</span> <span class='ocrx_word' id='word_1_232' title='bbox 1300 2102 1458 2154; x_wconf 78' lang='grc' dir='ltr'>κατοικοῦσιν</span> <span class='ocrx_word' id='word_1_233' title='bbox 1494 2097 1520 2150; x_wconf 81' lang='grc' dir='ltr'>έν</span> <span class='ocrx_word' id='word_1_234' title='bbox 1549 2101 1582 2169; x_wconf 79' lang='grc' dir='ltr'>τῇ</span> 
     </span>
     <span class='ocr_line' id='line_1_21' title="bbox 251 2186 1579 2261; baseline -0.003 -19"><span class='ocrx_word' id='word_1_235' title='bbox 251 2188 404 2242; x_wconf 78' lang='lat' dir='ltr'><strong>nauibus:</strong></span> <span class='ocrx_word' id='word_1_236' title='bbox 421 2191 466 2244; x_wconf 81' lang='lat'><strong>³0.</strong></span> <span class='ocrx_word' id='word_1_237' title='bbox 477 2191 560 2252; x_wconf 80' lang='lat' dir='ltr'><strong>Quod</strong></span> <span class='ocrx_word' id='word_1_238' title='bbox 581 2197 609 2245; x_wconf 82' lang='lat' dir='ltr'><strong>et</strong></span> <span class='ocrx_word' id='word_1_239' title='bbox 621 2192 758 2256; x_wconf 75' lang='lat' dir='ltr'><strong>iecerunt,</strong></span> <span class='ocrx_word' id='word_1_240' title='bbox 774 2194 887 2246; x_wconf 82' lang='lat' dir='ltr'><strong>minan·</strong></span> <span class='ocrx_word' id='word_1_241' title='bbox 936 2188 1058 2261; x_wconf 78' lang='grc' dir='ltr'>Ἰουδαίᾳ,</span> <span class='ocrx_word' id='word_1_242' title='bbox 1080 2189 1209 2260; x_wconf 80' lang='grc' dir='ltr'>σίδελροῖς.</span> <span class='ocrx_word' id='word_1_243' title='bbox 1238 2192 1283 2243; x_wconf 85' lang='grc'><strong>30.</strong></span> <span class='ocrx_word' id='word_1_244' title='bbox 1316 2189 1332 2241; x_wconf 82' lang='grc' dir='ltr'>θ</span> <span class='ocrx_word' id='word_1_245' title='bbox 1369 2187 1412 2241; x_wconf 74' lang='grc' dir='ltr'><strong>καί</strong></span> <span class='ocrx_word' id='word_1_246' title='bbox 1449 2186 1579 2255; x_wconf 71' lang='grc' dir='ltr'>έποίιρσαν,</span> 
     </span>
    </p>
   </div>
   <div class='ocr_carea' id='block_1_5' title="bbox 250 2266 1580 2439">
    <p class='ocr_par' dir='ltr' id='par_1_7' title="bbox 250 2266 1580 2439">
     <span class='ocr_line' id='line_1_22' title="bbox 250 2266 1580 2349; baseline -0.002 -19"><span class='ocrx_word' id='word_1_247' title='bbox 250 2281 295 2330; x_wconf 86' lang='lat' dir='ltr'><strong>tes</strong></span> <span class='ocrx_word' id='word_1_248' title='bbox 313 2278 350 2329; x_wconf 76' lang='lat' dir='ltr'><strong>sd</strong></span> <span class='ocrx_word' id='word_1_249' title='bbox 367 2281 493 2332; x_wconf 75' lang='lat' dir='ltr'><strong>seniores</strong></span> <span class='ocrx_word' id='word_1_250' title='bbox 511 2292 562 2345; x_wconf 87' lang='lat' dir='ltr'><strong>per</strong></span> <span class='ocrx_word' id='word_1_251' title='bbox 579 2292 679 2332; x_wconf 76' lang='lat' dir='ltr'><strong>manus</strong></span> <span class='ocrx_word' id='word_1_252' title='bbox 698 2282 843 2334; x_wconf 75' lang='lat' dir='ltr'><strong>Barnabae</strong></span> <span class='ocrx_word' id='word_1_253' title='bbox 861 2266 889 2334; x_wconf 72' lang='lat' dir='ltr'><strong>et</strong></span> <span class='ocrx_word' id='word_1_254' title='bbox 934 2278 1126 2342; x_wconf 72' lang='grc' dir='ltr'>ἀποστείλαντες</span> <span class='ocrx_word' id='word_1_255' title='bbox 1151 2278 1213 2349; x_wconf 83' lang='grc' dir='ltr'>πρδς</span> <span class='ocrx_word' id='word_1_256' title='bbox 1242 2277 1300 2339; x_wconf 65' lang='lat' dir='ltr'><strong>noire</strong></span> <span class='ocrx_word' id='word_1_257' title='bbox 1331 2275 1509 2348; x_wconf 78' lang='grc' dir='ltr'>πρεσθυτέρους</span> <span class='ocrx_word' id='word_1_258' title='bbox 1540 2274 1580 2327; x_wconf 75' lang='grc' dir='ltr'><strong>διὰ</strong></span> 
     </span>
     <span class='ocr_line' id='line_1_23' title="bbox 253 2362 1340 2439; baseline 0.001 -21"><span class='ocrx_word' id='word_1_259' title='bbox 253 2362 340 2418; x_wconf 77' lang='lat' dir='ltr'><strong>Sauli.</strong></span> <span class='ocrx_word' id='word_1_260' title='bbox 934 2366 1018 2439; x_wconf 69' lang='grc' dir='ltr'>χειρὸς</span> <span class='ocrx_word' id='word_1_261' title='bbox 1036 2367 1153 2438; x_wconf 75' lang='grc' dir='ltr'>Βαρνάθα</span> <span class='ocrx_word' id='word_1_262' title='bbox 1170 2366 1213 2419; x_wconf 78' lang='grc' dir='ltr'><strong>καί</strong></span> <span class='ocrx_word' id='word_1_263' title='bbox 1231 2364 1340 2420; x_wconf 77' lang='grc' dir='ltr'>Σαθλσυ.</span> 
     </span>
    </p>
   </div>
   <div class='ocr_carea' id='block_1_6' title="bbox 249 2564 1579 3341">
    <p class='ocr_par' dir='ltr' id='par_1_8' title="bbox 249 2564 1579 3341">
     <span class='ocr_line' id='line_1_24' title="bbox 287 2564 1579 2642; baseline 0 -23"><span class='ocrx_word' id='word_1_264' title='bbox 287 2568 321 2619; x_wconf 86' lang='lat' dir='ltr'><strong>In</strong></span> <span class='ocrx_word' id='word_1_265' title='bbox 334 2582 362 2620; x_wconf 84' lang='lat' dir='ltr'><strong>v.</strong></span> <span class='ocrx_word' id='word_1_266' title='bbox 382 2568 416 2621; x_wconf 77' lang='grc' dir='ltr'><strong>ίθ</strong></span> <span class='ocrx_word' id='word_1_267' title='bbox 431 2564 547 2635; x_wconf 80' lang='grc' dir='ltr'>Ελληνας</span> <span class='ocrx_word' id='word_1_268' title='bbox 568 2578 604 2629; x_wconf 57' lang='lat' dir='ltr'><strong>nt</strong></span> <span class='ocrx_word' id='word_1_269' title='bbox 627 2569 697 2623; x_wconf 80' lang='lat' dir='ltr'><strong>Au*</strong></span> <span class='ocrx_word' id='word_1_270' title='bbox 710 2572 768 2624; x_wconf 80' lang='lat' dir='ltr'><strong>ilus</strong></span> <span class='ocrx_word' id='word_1_271' title='bbox 786 2571 826 2639; x_wconf 86' lang='grc' dir='ltr'>(ίι.</span> <span class='ocrx_word' id='word_1_272' title='bbox 847 2586 873 2624; x_wconf 92' lang='grc' dir='ltr'><strong>ο.</strong></span> <span class='ocrx_word' id='word_1_273' title='bbox 897 2569 984 2642; x_wconf 76' lang='grc' dir='ltr'>2,3,θ)</span> <span class='ocrx_word' id='word_1_274' title='bbox 1006 2573 1064 2625; x_wconf 86' lang='lat' dir='ltr'><strong>Chr</strong></span> <span class='ocrx_word' id='word_1_275' title='bbox 1086 2573 1146 2624; x_wconf 86' lang='lat' dir='ltr'><strong>Oeo</strong></span> <span class='ocrx_word' id='word_1_276' title='bbox 1164 2572 1284 2637; x_wconf 88' lang='lat' dir='ltr'><strong>Theoph</strong></span> <span class='ocrx_word' id='word_1_277' title='bbox 1303 2585 1352 2635; x_wconf 85' lang='lat' dir='ltr'><strong>syr</strong></span> <span class='ocrx_word' id='word_1_278' title='bbox 1375 2570 1422 2632; x_wconf 89' lang='lat' dir='ltr'><strong>Ti;</strong></span> <span class='ocrx_word' id='word_1_279' title='bbox 1445 2570 1472 2621; x_wconf 84' lang='lat' dir='ltr'><strong>sl</strong></span> <span class='ocrx_word' id='word_1_280' title='bbox 1492 2565 1579 2633; x_wconf 78' lang='grc' dir='ltr'>Ελλη-</span> 
     </span>
     <span class='ocr_line' id='line_1_25' title="bbox 251 2656 1579 2728; baseline 0.002 -23"><span class='ocrx_word' id='word_1_281' title='bbox 251 2671 344 2715; x_wconf 83' lang='grc' dir='ltr'>νιστιις.</span> <span class='ocrx_word' id='word_1_282' title='bbox 361 2656 395 2707; x_wconf 91' lang='lat' dir='ltr'><strong>ln</strong></span> <span class='ocrx_word' id='word_1_283' title='bbox 412 2670 440 2709; x_wconf 87' lang='grc' dir='ltr'>ν.</span> <span class='ocrx_word' id='word_1_284' title='bbox 456 2658 490 2710; x_wconf 73' lang='grc' dir='ltr'><strong>θδ</strong></span> <span class='ocrx_word' id='word_1_285' title='bbox 510 2660 674 2724; x_wconf 86' lang='lat' dir='ltr'><strong>ampliorem</strong></span> <span class='ocrx_word' id='word_1_286' title='bbox 689 2663 794 2711; x_wconf 83' lang='lat' dir='ltr'><strong>textum</strong></span> <span class='ocrx_word' id='word_1_287' title='bbox 811 2661 985 2724; x_wconf 84' lang='lat' dir='ltr'><strong>praebenti)</strong></span> <span class='ocrx_word' id='word_1_288' title='bbox 1006 2661 1045 2725; x_wconf 88' lang='lat' dir='ltr'><strong>ph</strong></span> <span class='ocrx_word' id='word_1_289' title='bbox 1066 2658 1134 2728; x_wconf 82' lang='lat' dir='ltr'><strong>(mg)</strong></span> <span class='ocrx_word' id='word_1_290' title='bbox 1149 2663 1199 2726; x_wconf 79' lang='lat' dir='ltr'><strong>gig</strong></span> <span class='ocrx_word' id='word_1_291' title='bbox 1219 2673 1227 2710; x_wconf 75' lang='grc' dir='ltr'>ε</span> <span class='ocrx_word' id='word_1_292' title='bbox 1248 2659 1368 2711; x_wconf 84' lang='lat' dir='ltr'><strong>audiens</strong></span> <span class='ocrx_word' id='word_1_293' title='bbox 1389 2662 1484 2711; x_wconf 87' lang='lat' dir='ltr'><strong>autem</strong></span> <span class='ocrx_word' id='word_1_294' title='bbox 1503 2657 1579 2723; x_wconf 86' lang='lat' dir='ltr'><strong>quod</strong></span> 
     </span>
     <span class='ocr_line' id='line_1_26' title="bbox 253 2743 1579 2813; baseline 0 -18"><span class='ocrx_word' id='word_1_295' title='bbox 253 2743 356 2796; x_wconf 77' lang='lat' dir='ltr'><strong>Bauius</strong></span> <span class='ocrx_word' id='word_1_296' title='bbox 374 2747 450 2797; x_wconf 83' lang='lat' dir='ltr'><strong>esset</strong></span> <span class='ocrx_word' id='word_1_297' title='bbox 471 2745 588 2809; x_wconf 82' lang='lat' dir='ltr'><strong>Tharsa,</strong></span> <span class='ocrx_word' id='word_1_298' title='bbox 608 2748 696 2799; x_wconf 80' lang='lat' dir='ltr'><strong>exivit</strong></span> <span class='ocrx_word' id='word_1_299' title='bbox 714 2750 856 2813; x_wconf 82' lang='lat' dir='ltr'><strong>requirere</strong></span> <span class='ocrx_word' id='word_1_300' title='bbox 875 2762 941 2801; x_wconf 87' lang='lat' dir='ltr'><strong>eum</strong></span> <span class='ocrx_word' id='word_1_301' title='bbox 961 2751 990 2802; x_wconf 90' lang='lat' dir='ltr'><strong>et</strong></span> <span class='ocrx_word' id='word_1_302' title='bbox 1009 2762 1074 2800; x_wconf 84' lang='lat' dir='ltr'><strong>aum</strong></span> <span class='ocrx_word' id='word_1_303' title='bbox 1093 2751 1250 2801; x_wconf 85' lang='lat' dir='ltr'><strong>invenisset</strong></span> <span class='ocrx_word' id='word_1_304' title='bbox 1268 2761 1351 2810; x_wconf 79' lang='lat' dir='ltr'><strong>eum,</strong></span> <span class='ocrx_word' id='word_1_305' title='bbox 1374 2747 1455 2798; x_wconf 81' lang='lat' dir='ltr'><strong>duxit</strong></span> <span class='ocrx_word' id='word_1_306' title='bbox 1480 2748 1579 2797; x_wconf 80' lang='lat' dir='ltr'><strong>Antio·</strong></span> 
     </span>
     <span class='ocr_line' id='line_1_27' title="bbox 251 2829 1579 2904; baseline 0.001 -20"><span class='ocrx_word' id='word_1_307' title='bbox 251 2832 343 2884; x_wconf 82' lang='lat' dir='ltr'><strong>ahiam</strong></span> <span class='ocrx_word' id='word_1_308' title='bbox 355 2829 431 2901; x_wconf 73' lang='lat' dir='ltr'><strong>(gig),</strong></span> <span class='ocrx_word' id='word_1_309' title='bbox 443 2833 518 2886; x_wconf 79' lang='lat' dir='ltr'><strong>Dran</strong></span> <span class='ocrx_word' id='word_1_310' title='bbox 534 2851 569 2894; x_wconf 82' lang='grc' dir='ltr'>ους</span> <span class='ocrx_word' id='word_1_311' title='bbox 581 2850 709 2904; x_wconf 74' lang='grc' dir='ltr'>συντυχων</span> <span class='ocrx_word' id='word_1_312' title='bbox 722 2832 889 2904; x_wconf 85' lang='grc' dir='ltr'>παρεκαλσσιν</span> <span class='ocrx_word' id='word_1_313' title='bbox 902 2833 982 2887; x_wconf 81' lang='grc' dir='ltr'>ελθιιν</span> <span class='ocrx_word' id='word_1_314' title='bbox 998 2853 1032 2896; x_wconf 80' lang='grc' dir='ltr'>τις</span> <span class='ocrx_word' id='word_1_315' title='bbox 1046 2853 1102 2890; x_wconf 82' lang='grc' dir='ltr'>αντ,</span> <span class='ocrx_word' id='word_1_316' title='bbox 1118 2840 1173 2889; x_wconf 85' lang='lat' dir='ltr'><strong>sim</strong></span> <span class='ocrx_word' id='word_1_317' title='bbox 1187 2838 1235 2902; x_wconf 78' lang='lat' dir='ltr'><strong>pii.</strong></span> <span class='ocrx_word' id='word_1_318' title='bbox 1254 2837 1287 2885; x_wconf 94' lang='lat' dir='ltr'><strong>ln</strong></span> <span class='ocrx_word' id='word_1_319' title='bbox 1302 2849 1331 2886; x_wconf 81' lang='grc' dir='ltr'>ν.</span> <span class='ocrx_word' id='word_1_320' title='bbox 1346 2834 1380 2886; x_wconf 79' lang='lat' dir='ltr'><strong>te</strong></span> <span class='ocrx_word' id='word_1_321' title='bbox 1395 2837 1445 2899; x_wconf 77' lang='lat' dir='ltr'><strong>gig</strong></span> <span class='ocrx_word' id='word_1_322' title='bbox 1460 2835 1579 2899; x_wconf 74' lang='lat' dir='ltr'><strong>contigit</strong></span> 
     </span>
     <span class='ocr_line' id='line_1_28' title="bbox 251 2916 1577 2988; baseline 0 -17"><span class='ocrx_word' id='word_1_323' title='bbox 251 2921 419 2973; x_wconf 86' lang='lat' dir='ltr'><strong>autemillis</strong></span> <span class='ocrx_word' id='word_1_324' title='bbox 439 2927 528 2974; x_wconf 88' lang='lat' dir='ltr'><strong>totum</strong></span> <span class='ocrx_word' id='word_1_325' title='bbox 549 2936 654 2975; x_wconf 80' lang='lat' dir='ltr'><strong>annum</strong></span> <span class='ocrx_word' id='word_1_326' title='bbox 676 2926 852 2977; x_wconf 87' lang='lat' dir='ltr'><strong>oommtsoeri</strong></span> <span class='ocrx_word' id='word_1_327' title='bbox 869 2925 1020 2988; x_wconf 59' lang='lat' dir='ltr'><strong>eeclesiam</strong></span> <span class='ocrx_word' id='word_1_328' title='bbox 1042 2927 1096 2976; x_wconf 83' lang='lat' dir='ltr'><strong>sim</strong></span> <span class='ocrx_word' id='word_1_329' title='bbox 1120 2927 1155 2977; x_wconf 88' lang='lat' dir='ltr'><strong>D.</strong></span> <span class='ocrx_word' id='word_1_330' title='bbox 1182 2925 1215 2974; x_wconf 89' lang='lat' dir='ltr'><strong>in</strong></span> <span class='ocrx_word' id='word_1_331' title='bbox 1239 2938 1267 2974; x_wconf 89' lang='lat' dir='ltr'><strong>v.</strong></span> <span class='ocrx_word' id='word_1_332' title='bbox 1292 2923 1327 2974; x_wconf 79' lang='lat'><strong>28</strong></span> <span class='ocrx_word' id='word_1_333' title='bbox 1349 2919 1471 2976; x_wconf 69' lang='grc' dir='ltr'>1)·ιινδε</span> <span class='ocrx_word' id='word_1_334' title='bbox 1493 2916 1577 2985; x_wconf 75' lang='grc' dir='ltr'>πολλη</span> 
     </span>
     <span class='ocr_line' id='line_1_29' title="bbox 251 3003 1579 3081; baseline 0.003 -24"><span class='ocrx_word' id='word_1_335' title='bbox 251 3003 399 3076; x_wconf 71' lang='grc' dir='ltr'>αγαλλιασις</span> <span class='ocrx_word' id='word_1_336' title='bbox 413 3024 631 3080; x_wconf 82' lang='grc' dir='ltr'>συντστραμμτνονν</span> <span class='ocrx_word' id='word_1_337' title='bbox 646 3008 673 3063; x_wconf 75' lang='grc' dir='ltr'><strong>δα</strong></span> <span class='ocrx_word' id='word_1_338' title='bbox 687 3027 759 3081; x_wconf 77' lang='grc' dir='ltr'>ημαιν</span> <span class='ocrx_word' id='word_1_339' title='bbox 771 3027 815 3081; x_wconf 75' lang='lat' dir='ltr'><strong>spa</strong></span> <span class='ocrx_word' id='word_1_340' title='bbox 833 3028 867 3072; x_wconf 85' lang='grc' dir='ltr'>τις</span> <span class='ocrx_word' id='word_1_341' title='bbox 885 3008 910 3073; x_wconf 78' lang='grc' dir='ltr'><strong>εξ</strong></span> <span class='ocrx_word' id='word_1_342' title='bbox 928 3027 1009 3063; x_wconf 86' lang='grc' dir='ltr'>αντων</span> <span class='ocrx_word' id='word_1_343' title='bbox 1024 3029 1064 3066; x_wconf 91' lang='grc' dir='ltr'><strong>ον.</strong></span> <span class='ocrx_word' id='word_1_344' title='bbox 1085 3029 1130 3080; x_wconf 83' lang='grc' dir='ltr'><strong>αγ.</strong></span> <span class='ocrx_word' id='word_1_345' title='bbox 1147 3028 1276 3081; x_wconf 81' lang='grc' dir='ltr'>σημινων,</span> <span class='ocrx_word' id='word_1_346' title='bbox 1290 3013 1359 3063; x_wconf 90' lang='lat' dir='ltr'><strong>item</strong></span> <span class='ocrx_word' id='word_1_347' title='bbox 1379 3011 1444 3075; x_wconf 79' lang='lat' dir='ltr'><strong>Aug</strong></span> <span class='ocrx_word' id='word_1_348' title='bbox 1462 3015 1579 3075; x_wconf 82' lang='lat' dir='ltr'><strong>eratque</strong></span> 
     </span>
     <span class='ocr_line' id='line_1_30' title="bbox 250 3094 1576 3166; baseline 0.001 -20"><span class='ocrx_word' id='word_1_349' title='bbox 250 3109 354 3161; x_wconf 81' lang='lat' dir='ltr'><strong>magna</strong></span> <span class='ocrx_word' id='word_1_350' title='bbox 367 3094 526 3151; x_wconf 73' lang='lat' dir='ltr'><strong>exsultatio.</strong></span> <span class='ocrx_word' id='word_1_351' title='bbox 542 3099 728 3165; x_wconf 77' lang='lat' dir='ltr'><strong>congregatis</strong></span> <span class='ocrx_word' id='word_1_352' title='bbox 741 3106 836 3152; x_wconf 86' lang='lat' dir='ltr'><strong>autem</strong></span> <span class='ocrx_word' id='word_1_353' title='bbox 854 3102 936 3153; x_wconf 89' lang='lat' dir='ltr'><strong>nobis</strong></span> <span class='ocrx_word' id='word_1_354' title='bbox 953 3114 1075 3165; x_wconf 83' lang='lat' dir='ltr'><strong>surgens</strong></span> <span class='ocrx_word' id='word_1_355' title='bbox 1088 3115 1164 3153; x_wconf 86' lang='lat' dir='ltr'><strong>unus</strong></span> <span class='ocrx_word' id='word_1_356' title='bbox 1178 3114 1214 3152; x_wconf 80' lang='lat' dir='ltr'><strong>ex</strong></span> <span class='ocrx_word' id='word_1_357' title='bbox 1233 3100 1290 3151; x_wconf 86' lang='lat' dir='ltr'><strong>iliis</strong></span> <span class='ocrx_word' id='word_1_358' title='bbox 1312 3097 1407 3166; x_wconf 83' lang='lat' dir='ltr'><strong>(serm.</strong></span> <span class='ocrx_word' id='word_1_359' title='bbox 1423 3097 1499 3150; x_wconf 86' lang='lat' dir='ltr'><strong>dom.</strong></span> <span class='ocrx_word' id='word_1_360' title='bbox 1516 3098 1532 3148; x_wconf 77' lang='lat'>2</span> <span class='ocrx_word' id='word_1_361' title='bbox 1547 3112 1576 3148; x_wconf 82' lang='lat' dir='ltr'><strong>n.</strong></span> 
     </span>
     <span class='ocr_line' id='line_1_31' title="bbox 250 3183 1575 3257; baseline 0 -22"><span class='ocrx_word' id='word_1_362' title='bbox 250 3183 347 3248; x_wconf 70' lang='lat'><strong>5751.</strong></span> <span class='ocrx_word' id='word_1_363' title='bbox 364 3183 506 3255; x_wconf 59' lang='lat' dir='ltr'><strong>stiam),</strong></span> <span class='ocrx_word' id='word_1_364' title='bbox 520 3189 588 3239; x_wconf 85' lang='lat' dir='ltr'><strong>item</strong></span> <span class='ocrx_word' id='word_1_365' title='bbox 602 3190 631 3239; x_wconf 88' lang='lat' dir='ltr'><strong>in</strong></span> <span class='ocrx_word' id='word_1_366' title='bbox 645 3190 761 3254; x_wconf 85' lang='lat' dir='ltr'><strong>antiqua</strong></span> <span class='ocrx_word' id='word_1_367' title='bbox 773 3191 904 3241; x_wconf 77' lang='lat' dir='ltr'><strong>versione</strong></span> <span class='ocrx_word' id='word_1_368' title='bbox 918 3189 1007 3240; x_wconf 85' lang='lat' dir='ltr'><strong>latina</strong></span> <span class='ocrx_word' id='word_1_369' title='bbox 1020 3187 1064 3257; x_wconf 89' lang='lat' dir='ltr'><strong>(ai.</strong></span> <span class='ocrx_word' id='word_1_370' title='bbox 1084 3191 1113 3239; x_wconf 85' lang='lat' dir='ltr'><strong>S.</strong></span> <span class='ocrx_word' id='word_1_371' title='bbox 1136 3191 1245 3253; x_wconf 80' lang='lat' dir='ltr'><strong>iterper.</strong></span> <span class='ocrx_word' id='word_1_372' title='bbox 1262 3188 1309 3239; x_wconf 89' lang='lat' dir='ltr'><strong>Un</strong></span> <span class='ocrx_word' id='word_1_373' title='bbox 1325 3188 1426 3239; x_wconf 82' lang='lat' dir='ltr'><strong>ancien</strong></span> <span class='ocrx_word' id='word_1_374' title='bbox 1441 3188 1518 3238; x_wconf 79' lang='lat' dir='ltr'><strong>torta</strong></span> <span class='ocrx_word' id='word_1_375' title='bbox 1532 3186 1575 3235; x_wconf 81' lang='lat' dir='ltr'><strong>ls-</strong></span> 
     </span>
     <span class='ocr_line' id='line_1_32' title="bbox 249 3272 861 3341; baseline 0.007 -17"><span class='ocrx_word' id='word_1_376' title='bbox 249 3274 291 3324; x_wconf 89' lang='lat' dir='ltr'><strong>tin</strong></span> <span class='ocrx_word' id='word_1_377' title='bbox 305 3272 355 3326; x_wconf 76' lang='lat' dir='ltr'><strong>des</strong></span> <span class='ocrx_word' id='word_1_378' title='bbox 368 3274 454 3327; x_wconf 74' lang='lat' dir='ltr'><strong>notes</strong></span> <span class='ocrx_word' id='word_1_379' title='bbox 467 3275 518 3327; x_wconf 83' lang='lat' dir='ltr'><strong>das</strong></span> <span class='ocrx_word' id='word_1_380' title='bbox 529 3274 662 3341; x_wconf 78' lang='lat' dir='ltr'><strong>Apotres,</strong></span> <span class='ocrx_word' id='word_1_381' title='bbox 677 3276 757 3329; x_wconf 86' lang='lat' dir='ltr'><strong>Paris</strong></span> <span class='ocrx_word' id='word_1_382' title='bbox 773 3276 861 3340; x_wconf 86' lang='grc'>1895).</span> 
     </span>
    </p>
   </div>
   <div class='ocr_carea' id='block_1_7' title="bbox 245 3454 1629 4812">
    <p class='ocr_par' dir='ltr' id='par_1_9' title="bbox 245 3454 1629 4812">
     <span class='ocr_line' id='line_1_33' title="bbox 293 3454 1576 3548; baseline 0 -26"><span class='ocrx_word' id='word_1_383' title='bbox 293 3460 366 3523; x_wconf 91' lang='lat' dir='ltr'><strong>Non</strong></span> <span class='ocrx_word' id='word_1_384' title='bbox 380 3478 503 3548; x_wconf 86' lang='lat' dir='ltr'><strong>purum</strong></span> <span class='ocrx_word' id='word_1_385' title='bbox 518 3456 562 3524; x_wconf 86' lang='lat' dir='ltr'><strong>ad</strong></span> <span class='ocrx_word' id='word_1_386' title='bbox 583 3458 678 3526; x_wconf 89' lang='lat' dir='ltr'><strong>verbi</strong></span> <span class='ocrx_word' id='word_1_387' title='bbox 697 3458 885 3548; x_wconf 83' lang='lat' dir='ltr'><strong>profectum</strong></span> <span class='ocrx_word' id='word_1_388' title='bbox 902 3458 1047 3526; x_wconf 88' lang='lat' dir='ltr'><strong>contulit</strong></span> <span class='ocrx_word' id='word_1_389' title='bbox 1060 3457 1253 3548; x_wconf 84' lang='lat' dir='ltr'><strong>persecutio</strong></span> <span class='ocrx_word' id='word_1_390' title='bbox 1275 3455 1400 3547; x_wconf 71' lang='lat' dir='ltr'><strong>(can).</strong></span> <span class='ocrx_word' id='word_1_391' title='bbox 1417 3460 1486 3523; x_wconf 81' lang='lat' dir='ltr'><strong>Hoc</strong></span> <span class='ocrx_word' id='word_1_392' title='bbox 1504 3454 1576 3523; x_wconf 81' lang='lat' dir='ltr'><strong>iam</strong></span> 
     </span>
     <span class='ocr_line' id='line_1_34' title="bbox 247 3561 1576 3653; baseline 0.002 -25"><span class='ocrx_word' id='word_1_393' title='bbox 247 3567 420 3630; x_wconf 85' lang='lat' dir='ltr'><strong>ostensum</strong></span> <span class='ocrx_word' id='word_1_394' title='bbox 443 3568 502 3648; x_wconf 78' lang='grc' dir='ltr'><strong>8,ί</strong></span> <span class='ocrx_word' id='word_1_395' title='bbox 524 3584 596 3653; x_wconf 86' lang='lat' dir='ltr'><strong>seq.</strong></span> <span class='ocrx_word' id='word_1_396' title='bbox 614 3569 648 3631; x_wconf 90' lang='lat' dir='ltr'><strong>et</strong></span> <span class='ocrx_word' id='word_1_397' title='bbox 672 3563 798 3631; x_wconf 84' lang='lat' dir='ltr'><strong>iterum</strong></span> <span class='ocrx_word' id='word_1_398' title='bbox 824 3563 1020 3632; x_wconf 80' lang='lat' dir='ltr'><strong>declaratur</strong></span> <span class='ocrx_word' id='word_1_399' title='bbox 1044 3587 1077 3629; x_wconf 88' lang='grc' dir='ltr'><strong>ν.</strong></span> <span class='ocrx_word' id='word_1_400' title='bbox 1105 3570 1145 3631; x_wconf 85' lang='grc'><strong>19</strong></span> <span class='ocrx_word' id='word_1_401' title='bbox 1172 3574 1205 3630; x_wconf 88' lang='lat' dir='ltr'><strong>et</strong></span> <span class='ocrx_word' id='word_1_402' title='bbox 1232 3562 1289 3629; x_wconf 83' lang='lat' dir='ltr'><strong>illi</strong></span> <span class='ocrx_word' id='word_1_403' title='bbox 1307 3561 1450 3652; x_wconf 79' lang='lat' dir='ltr'><strong>quidem</strong></span> <span class='ocrx_word' id='word_1_404' title='bbox 1476 3571 1576 3647; x_wconf 78' lang='grc' dir='ltr'>οἱμὲν</span> 
     </span>
     <span class='ocr_line' id='line_1_35' title="bbox 248 3666 1576 3759; baseline -0.002 -23"><span class='ocrx_word' id='word_1_405' title='bbox 248 3670 311 3748; x_wconf 82' lang='grc' dir='ltr'>οὖν,</span> <span class='ocrx_word' id='word_1_406' title='bbox 328 3666 381 3735; x_wconf 94' lang='lat' dir='ltr'><strong>illi</strong></span> <span class='ocrx_word' id='word_1_407' title='bbox 395 3689 495 3756; x_wconf 77' lang='lat' dir='ltr'><strong>ergo,</strong></span> <span class='ocrx_word' id='word_1_408' title='bbox 512 3671 562 3739; x_wconf 84' lang='grc' dir='ltr'><strong>οδν</strong></span> <span class='ocrx_word' id='word_1_409' title='bbox 577 3675 626 3736; x_wconf 88' lang='lat' dir='ltr'><strong>est</strong></span> <span class='ocrx_word' id='word_1_410' title='bbox 639 3668 810 3759; x_wconf 86' lang='lat' dir='ltr'><strong>partiouia</strong></span> <span class='ocrx_word' id='word_1_411' title='bbox 832 3668 1048 3749; x_wconf 71' lang='lat' dir='ltr'><strong>insumentis,</strong></span> <span class='ocrx_word' id='word_1_412' title='bbox 1068 3670 1308 3736; x_wconf 84' lang='lat' dir='ltr'><strong>narrationem</strong></span> <span class='ocrx_word' id='word_1_413' title='bbox 1323 3674 1381 3750; x_wconf 83' lang='grc' dir='ltr'>8,ίι</span> <span class='ocrx_word' id='word_1_414' title='bbox 1400 3667 1576 3757; x_wconf 81' lang='lat' dir='ltr'><strong>inceptam</strong></span> 
     </span>
     <span class='ocr_line' id='line_1_36' title="bbox 245 3772 1576 3866; baseline -0.001 -27"><span class='ocrx_word' id='word_1_415' title='bbox 245 3774 369 3842; x_wconf 84' lang='lat' dir='ltr'><strong>iterum</strong></span> <span class='ocrx_word' id='word_1_416' title='bbox 384 3774 543 3856; x_wconf 87' lang='lat' dir='ltr'><strong>resumit,</strong></span> <span class='ocrx_word' id='word_1_417' title='bbox 558 3773 621 3866; x_wconf 84' lang='lat' dir='ltr'><strong>qni</strong></span> <span class='ocrx_word' id='word_1_418' title='bbox 635 3774 781 3864; x_wconf 76' lang='lat' dir='ltr'><strong>dispersi</strong></span> <span class='ocrx_word' id='word_1_419' title='bbox 788 3777 933 3864; x_wconf 73' lang='lat' dir='ltr'><strong>[nerant</strong></span> <span class='ocrx_word' id='word_1_420' title='bbox 951 3797 973 3842; x_wconf 91' lang='lat' dir='ltr'><strong>a</strong></span> <span class='ocrx_word' id='word_1_421' title='bbox 986 3774 1214 3842; x_wconf 80' lang='lat' dir='ltr'><strong>tribulatione</strong></span> <span class='ocrx_word' id='word_1_422' title='bbox 1233 3797 1323 3864; x_wconf 85' lang='lat' dir='ltr'><strong>qnae</strong></span> <span class='ocrx_word' id='word_1_423' title='bbox 1342 3775 1440 3862; x_wconf 81' lang='lat' dir='ltr'><strong>sacta</strong></span> <span class='ocrx_word' id='word_1_424' title='bbox 1456 3772 1576 3860; x_wconf 85' lang='lat' dir='ltr'><strong>suerat</strong></span> 
     </span>
     <span class='ocr_line' id='line_1_37' title="bbox 245 3877 1575 3971; baseline -0.002 -25"><span class='ocrx_word' id='word_1_425' title='bbox 245 3880 307 3946; x_wconf 83' lang='lat' dir='ltr'><strong>snb</strong></span> <span class='ocrx_word' id='word_1_426' title='bbox 323 3877 498 3970; x_wconf 67' lang='lat' dir='ltr'><strong>Stephano</strong></span> <span class='ocrx_word' id='word_1_427' title='bbox 514 3886 563 3948; x_wconf 78' lang='grc' dir='ltr'><strong>ἐπὶ</strong></span> <span class='ocrx_word' id='word_1_428' title='bbox 576 3884 718 3971; x_wconf 76' lang='grc' dir='ltr'>Σιεριίνῳ</span> <span class='ocrx_word' id='word_1_429' title='bbox 733 3886 874 3971; x_wconf 86' lang='lat' dir='ltr'><strong>propter</strong></span> <span class='ocrx_word' id='word_1_430' title='bbox 892 3880 1124 3971; x_wconf 83' lang='lat' dir='ltr'><strong>Stephanum,</strong></span> <span class='ocrx_word' id='word_1_431' title='bbox 1141 3880 1188 3947; x_wconf 92' lang='lat' dir='ltr'><strong>ob</strong></span> <span class='ocrx_word' id='word_1_432' title='bbox 1204 3880 1277 3948; x_wconf 89' lang='lat' dir='ltr'><strong>eius</strong></span> <span class='ocrx_word' id='word_1_433' title='bbox 1291 3880 1406 3947; x_wconf 88' lang='lat' dir='ltr'><strong>zelum</strong></span> <span class='ocrx_word' id='word_1_434' title='bbox 1423 3885 1456 3946; x_wconf 89' lang='lat' dir='ltr'><strong>et</strong></span> <span class='ocrx_word' id='word_1_435' title='bbox 1470 3877 1575 3946; x_wconf 90' lang='lat' dir='ltr'><strong>liber-</strong></span> 
     </span>
     <span class='ocr_line' id='line_1_38' title="bbox 246 3983 1575 4077; baseline 0 -26"><span class='ocrx_word' id='word_1_436' title='bbox 246 3988 352 4052; x_wconf 87' lang='lat' dir='ltr'><strong>tatem</strong></span> <span class='ocrx_word' id='word_1_437' title='bbox 371 3983 408 4052; x_wconf 89' lang='lat' dir='ltr'><strong>in</strong></span> <span class='ocrx_word' id='word_1_438' title='bbox 430 3985 616 4073; x_wconf 79' lang='lat' dir='ltr'><strong>arguendis</strong></span> <span class='ocrx_word' id='word_1_439' title='bbox 638 3987 769 4055; x_wconf 87' lang='lat' dir='ltr'><strong>iudaeis</strong></span> <span class='ocrx_word' id='word_1_440' title='bbox 791 3986 896 4077; x_wconf 77' lang='grc' dir='ltr'>(θοαί.</span> <span class='ocrx_word' id='word_1_441' title='bbox 917 3986 1026 4055; x_wconf 88' lang='lat' dir='ltr'><strong>Salm.</strong></span> <span class='ocrx_word' id='word_1_442' title='bbox 1049 3985 1126 4055; x_wconf 80' lang='lat' dir='ltr'><strong>Gai.</strong></span> <span class='ocrx_word' id='word_1_443' title='bbox 1144 3989 1242 4054; x_wconf 86' lang='lat' dir='ltr'><strong>Patr.</strong></span> <span class='ocrx_word' id='word_1_444' title='bbox 1263 3985 1387 4075; x_wconf 70' lang='lat' dir='ltr'><strong>Feli),</strong></span> <span class='ocrx_word' id='word_1_445' title='bbox 1405 3985 1575 4075; x_wconf 78' lang='lat' dir='ltr'><strong>interpres</strong></span> 
     </span>
     <span class='ocr_line' id='line_1_39' title="bbox 247 4088 1573 4182; baseline -0.002 -23"><span class='ocrx_word' id='word_1_446' title='bbox 247 4090 374 4159; x_wconf 87' lang='lat' dir='ltr'><strong>latinus</strong></span> <span class='ocrx_word' id='word_1_447' title='bbox 385 4091 472 4179; x_wconf 78' lang='lat' dir='ltr'><strong>legit</strong></span> <span class='ocrx_word' id='word_1_448' title='bbox 484 4091 558 4159; x_wconf 87' lang='lat' dir='ltr'><strong>sine</strong></span> <span class='ocrx_word' id='word_1_449' title='bbox 572 4092 678 4161; x_wconf 90' lang='lat' dir='ltr'><strong>dubio</strong></span> <span class='ocrx_word' id='word_1_450' title='bbox 690 4100 738 4162; x_wconf 75' lang='grc' dir='ltr'><strong>ἐπὶ</strong></span> <span class='ocrx_word' id='word_1_451' title='bbox 751 4098 903 4182; x_wconf 71' lang='grc' dir='ltr'>Στερὲινου</span> <span class='ocrx_word' id='word_1_452' title='bbox 920 4093 982 4182; x_wconf 87' lang='lat' dir='ltr'><strong>(uti</strong></span> <span class='ocrx_word' id='word_1_453' title='bbox 998 4091 1167 4160; x_wconf 77' lang='lat' dir='ltr'><strong>habenti</strong></span> <span class='ocrx_word' id='word_1_454' title='bbox 1182 4095 1209 4160; x_wconf 84' lang='lat' dir='ltr'>E</span> <span class='ocrx_word' id='word_1_455' title='bbox 1224 4100 1258 4161; x_wconf 83' lang='lat' dir='ltr'><strong>et</strong></span> <span class='ocrx_word' id='word_1_456' title='bbox 1272 4094 1381 4181; x_wconf 88' lang='lat' dir='ltr'><strong>aliqui</strong></span> <span class='ocrx_word' id='word_1_457' title='bbox 1397 4088 1573 4180; x_wconf 75' lang='lat' dir='ltr'><strong>minure),</strong></span> 
     </span>
     <span class='ocr_line' id='line_1_40' title="bbox 245 4195 1577 4290; baseline -0.002 -26"><span class='ocrx_word' id='word_1_458' title='bbox 245 4195 572 4288; x_wconf 79' lang='lat' dir='ltr'><strong>perambulaverunt</strong></span> <span class='ocrx_word' id='word_1_459' title='bbox 589 4220 696 4290; x_wconf 82' lang='lat' dir='ltr'><strong>usqne</strong></span> <span class='ocrx_word' id='word_1_460' title='bbox 716 4198 907 4266; x_wconf 76' lang='lat' dir='ltr'><strong>Phoenicen</strong></span> <span class='ocrx_word' id='word_1_461' title='bbox 924 4213 958 4265; x_wconf 86' lang='lat' dir='ltr'><strong>et</strong></span> <span class='ocrx_word' id='word_1_462' title='bbox 973 4202 1126 4287; x_wconf 78' lang='lat' dir='ltr'><strong>Cyprum</strong></span> <span class='ocrx_word' id='word_1_463' title='bbox 1142 4211 1175 4266; x_wconf 85' lang='lat' dir='ltr'><strong>et</strong></span> <span class='ocrx_word' id='word_1_464' title='bbox 1193 4197 1427 4280; x_wconf 72' lang='lat' dir='ltr'><strong>Antiochiam,</strong></span> <span class='ocrx_word' id='word_1_465' title='bbox 1442 4195 1577 4264; x_wconf 85' lang='lat' dir='ltr'><strong>nemini</strong></span> 
     </span>
     <span class='ocr_line' id='line_1_41' title="bbox 248 4302 1574 4393; baseline -0.001 -23"><span class='ocrx_word' id='word_1_466' title='bbox 248 4302 424 4393; x_wconf 81' lang='lat' dir='ltr'><strong>loquentes</strong></span> <span class='ocrx_word' id='word_1_467' title='bbox 445 4305 583 4371; x_wconf 81' lang='lat' dir='ltr'><strong>verbnm</strong></span> <span class='ocrx_word' id='word_1_468' title='bbox 599 4302 670 4372; x_wconf 80' lang='lat' dir='ltr'><strong>nisi</strong></span> <span class='ocrx_word' id='word_1_469' title='bbox 683 4304 765 4372; x_wconf 79' lang='lat' dir='ltr'><strong>solis</strong></span> <span class='ocrx_word' id='word_1_470' title='bbox 785 4304 941 4388; x_wconf 81' lang='lat' dir='ltr'><strong>Indaeis;</strong></span> <span class='ocrx_word' id='word_1_471' title='bbox 955 4305 1063 4372; x_wconf 88' lang='lat' dir='ltr'><strong>alium</strong></span> <span class='ocrx_word' id='word_1_472' title='bbox 1083 4305 1141 4371; x_wconf 86' lang='lat' dir='ltr'><strong>hic</strong></span> <span class='ocrx_word' id='word_1_473' title='bbox 1160 4304 1279 4371; x_wconf 85' lang='lat' dir='ltr'><strong>statuit</strong></span> <span class='ocrx_word' id='word_1_474' title='bbox 1300 4302 1400 4392; x_wconf 76' lang='lat' dir='ltr'><strong>Hilq.</strong></span> <span class='ocrx_word' id='word_1_475' title='bbox 1418 4308 1574 4369; x_wconf 86' lang='lat' dir='ltr'><strong>narrato·</strong></span> 
     </span>
     <span class='ocr_line' id='line_1_42' title="bbox 247 4407 1575 4501; baseline -0.001 -25"><span class='ocrx_word' id='word_1_476' title='bbox 247 4430 337 4492; x_wconf 88' lang='lat' dir='ltr'><strong>rem,</strong></span> <span class='ocrx_word' id='word_1_477' title='bbox 359 4409 420 4499; x_wconf 89' lang='lat' dir='ltr'><strong>qui</strong></span> <span class='ocrx_word' id='word_1_478' title='bbox 438 4408 547 4501; x_wconf 87' lang='lat' dir='ltr'><strong>priori</strong></span> <span class='ocrx_word' id='word_1_479' title='bbox 570 4411 740 4479; x_wconf 79' lang='lat' dir='ltr'><strong>contraria</strong></span> <span class='ocrx_word' id='word_1_480' title='bbox 759 4410 900 4493; x_wconf 79' lang='lat' dir='ltr'><strong>reierai3</strong></span> <span class='ocrx_word' id='word_1_481' title='bbox 929 4433 1009 4478; x_wconf 87' lang='lat' dir='ltr'><strong>nam</strong></span> <span class='ocrx_word' id='word_1_482' title='bbox 1031 4411 1128 4501; x_wconf 75' lang='lat' dir='ltr'><strong>Hilq.</strong></span> <span class='ocrx_word' id='word_1_483' title='bbox 1153 4408 1475 4493; x_wconf 62' lang='lat' dir='ltr'><strong>spedistamma</strong></span> <span class='ocrx_word' id='word_1_484' title='bbox 1496 4407 1575 4475; x_wconf 89' lang='lat' dir='ltr'><strong>illos</strong></span> 
     </span>
     <span class='ocr_line' id='line_1_43' title="bbox 246 4509 1629 4607; baseline -0.001 -25"><span class='ocrx_word' id='word_1_485' title='bbox 246 4515 417 4606; x_wconf 80' lang='lat' dir='ltr'><strong>dispersos</strong></span> <span class='ocrx_word' id='word_1_486' title='bbox 445 4538 598 4584; x_wconf 83' lang='lat' dir='ltr'><strong>reversos</strong></span> <span class='ocrx_word' id='word_1_487' title='bbox 620 4538 691 4585; x_wconf 87' lang='lat' dir='ltr'><strong>essa</strong></span> <span class='ocrx_word' id='word_1_488' title='bbox 716 4516 751 4584; x_wconf 89' lang='lat' dir='ltr'><strong>in</strong></span> <span class='ocrx_word' id='word_1_489' title='bbox 775 4515 977 4600; x_wconf 86' lang='lat' dir='ltr'><strong>Ierusalem,</strong></span> <span class='ocrx_word' id='word_1_490' title='bbox 1002 4515 1178 4607; x_wconf 90' lang='lat' dir='ltr'><strong>quomodo</strong></span> <span class='ocrx_word' id='word_1_491' title='bbox 1205 4537 1291 4603; x_wconf 80' lang='lat' dir='ltr'><strong>ergo</strong></span> <span class='ocrx_word' id='word_1_492' title='bbox 1318 4537 1412 4583; x_wconf 84' lang='lat' dir='ltr'><strong>nuno</strong></span> <span class='ocrx_word' id='word_1_493' title='bbox 1431 4518 1575 4606; x_wconf 85' lang='lat' dir='ltr'><strong>possunt</strong></span> <span class='ocrx_word' id='word_1_494' title='bbox 1622 4509 1629 4521; x_wconf 81' lang='grc'><em>’</em></span> 
     </span>
     <span class='ocr_line' id='line_1_44' title="bbox 245 4620 1574 4714; baseline -0.002 -25"><span class='ocrx_word' id='word_1_495' title='bbox 245 4621 601 4691; x_wconf 78' lang='lat' dir='ltr'><strong>venirePhoenioen?</strong></span> <span class='ocrx_word' id='word_1_496' title='bbox 618 4623 676 4692; x_wconf 87' lang='lat' dir='ltr'><strong>sed</strong></span> <span class='ocrx_word' id='word_1_497' title='bbox 700 4629 779 4706; x_wconf 76' lang='grc' dir='ltr'><strong>8,θό</strong></span> <span class='ocrx_word' id='word_1_498' title='bbox 802 4625 873 4714; x_wconf 86' lang='lat' dir='ltr'><strong>ipse</strong></span> <span class='ocrx_word' id='word_1_499' title='bbox 899 4645 1082 4714; x_wconf 87' lang='lat' dir='ltr'><strong>perperam</strong></span> <span class='ocrx_word' id='word_1_500' title='bbox 1108 4622 1175 4690; x_wconf 87' lang='lat' dir='ltr'><strong>sibi</strong></span> <span class='ocrx_word' id='word_1_501' title='bbox 1197 4621 1296 4689; x_wconf 84' lang='lat' dir='ltr'><strong>finxit</strong></span> <span class='ocrx_word' id='word_1_502' title='bbox 1316 4620 1574 4712; x_wconf 85' lang='lat' dir='ltr'><strong>interpretatio·</strong></span> 
     </span>
     <span class='ocr_line' id='line_1_45' title="bbox 248 4727 1575 4812; baseline -0.002 -18"><span class='ocrx_word' id='word_1_503' title='bbox 248 4749 345 4812; x_wconf 82' lang='lat' dir='ltr'><strong>nem3</strong></span> <span class='ocrx_word' id='word_1_504' title='bbox 365 4749 448 4796; x_wconf 86' lang='lat' dir='ltr'><strong>nam</strong></span> <span class='ocrx_word' id='word_1_505' title='bbox 468 4750 509 4796; x_wconf 84' lang='lat' dir='ltr'><strong>ex</strong></span> <span class='ocrx_word' id='word_1_506' title='bbox 529 4728 623 4797; x_wconf 88' lang='lat' dir='ltr'><strong>claro</strong></span> <span class='ocrx_word' id='word_1_507' title='bbox 645 4735 800 4799; x_wconf 82' lang='lat' dir='ltr'><strong>contextu</strong></span> <span class='ocrx_word' id='word_1_508' title='bbox 828 4729 879 4798; x_wconf 86' lang='lat' dir='ltr'><strong>ibi</strong></span> <span class='ocrx_word' id='word_1_509' title='bbox 902 4730 1014 4798; x_wconf 89' lang='lat' dir='ltr'><strong>solum</strong></span> <span class='ocrx_word' id='word_1_510' title='bbox 1039 4735 1159 4797; x_wconf 86' lang='lat' dir='ltr'><strong>Petrus</strong></span> <span class='ocrx_word' id='word_1_511' title='bbox 1180 4735 1214 4797; x_wconf 89' lang='lat' dir='ltr'><strong>et</strong></span> <span class='ocrx_word' id='word_1_512' title='bbox 1241 4733 1387 4797; x_wconf 80' lang='lat' dir='ltr'><strong>loannes</strong></span> <span class='ocrx_word' id='word_1_513' title='bbox 1412 4727 1575 4796; x_wconf 88' lang='lat' dir='ltr'><strong>dicuntur</strong></span> 
     </span>
    </p>
   </div>
   <div class='ocr_carea' id='block_1_8' title="bbox 0 0 2050 5490">
    <p class='ocr_par' dir='ltr' id='par_1_10' title="bbox 0 0 2050 5490">
     <span class='ocr_line' id='line_1_46' title="bbox 0 0 2050 5490; baseline 0 4"><span class='ocrx_word' id='word_1_514' title='bbox 0 0 2050 5490; x_wconf 95' lang='lat' dir='ltr'><strong> </strong></span> 
     </span>
    </p>
   </div>
  </div>
 </body>
</html>
