4010 5474
1048 392 1114 435 scr.
1140 375 1241 446 iate.
1754 376 1816 436 293

490 523 578 586 Idem
604 524 693 608 Hilp.
720 530 810 598 itala
832 543 960 605 quoque
982 524 1267 603 interpolationem
1289 524 1400 594 babet;
1423 527 1456 583 et
1480 524 1563 583 bene
1587 525 1730 585 notanda
1753 531 1814 597 est.

489 641 616 702 quaeso,
633 625 715 685 ratio
729 629 894 701 tamquam
911 623 1073 702 specimen
1090 646 1105 678 «
1122 622 1254 684 criticae
1270 620 1465 683 sublimioris
1482 642 1497 675 a
1515 636 1522 678 :
1540 635 1615 681 narn
1629 619 1753 681 domini
1770 622 1816 682 illi

491 721 593 792 1630.
614 723 652 781 21
673 720 753 779 nihil
773 720 880 781 sciunt
900 721 940 782 de
961 740 999 783 eo
1021 720 1106 799 quod
1130 720 1246 782 Paulus
1271 725 1305 782 et
1326 719 1408 781 Silas
1429 717 1701 797 praedicationem
1725 734 1817 777 suam

489 816 710 879 restrinxerint
727 817 767 877 ad
788 817 894 879 locum
918 819 1092 892 erationis;
1112 837 1129 879 e
1149 821 1261 879 contra
1280 817 1439 877 aiilrmant
1458 813 1729 894 praedicationem
1750 831 1817 891 qua

488 919 555 973 tota
566 913 641 974 urbs
656 918 912 978 commoveatur!
930 919 1009 995 Ergo
1025 916 1099 976 inde
1117 915 1269 993 sequitur
1282 914 1418 974 Paulum
1431 929 1539 989 neque
1557 913 1662 988 primo
1678 911 1813 972 sabbato

487 1026 591 1088 neque
606 1012 685 1074 alias
698 1014 910 1090 proseucham
924 1012 1050 1086 adiisse,
1061 1011 1118 1073 sed
1129 1011 1341 1091 proseucham
1356 1025 1424 1071 esse
1438 1008 1571 1086 insuper
1580 1007 1620 1068 ab
1636 1007 1812 1086 interpola-

488 1110 557 1169 tore
569 1111 767 1171 ceniietamli
786 1109 928 1171 liiranda
947 1113 996 1169 est
1014 1108 1172 1169 modestia
1194 1126 1258 1186 qua
1279 1124 1318 1169 ne
1336 1106 1452 1169 umbra
1470 1104 1604 1184 quidem
1626 1105 1811 1184 argumenti

488 1204 553 1267 iam
569 1206 607 1268 ad
620 1206 881 1286 persuadendum
897 1205 1024 1267 suitleit.
1042 1205 1146 1281 Alius,
1161 1207 1239 1266 item
1256 1204 1378 1265 validus
1397 1227 1413 1258 ιι
1429 1203 1560 1264 criticae
1577 1202 1777 1264 sublimioris
1795 1226 1809 1255 a

487 1309 705 1382 propugnator
718 1303 779 1364 hoe
796 1302 930 1363 terribili
945 1303 1043 1364 ariete
1057 1302 1140 1363 inter
1155 1301 1217 1363 alia
1236 1301 1450 1362 narrationem
1468 1300 1550 1360 bane
1568 1300 1725 1361 subvertit
1746 1316 1754 1358 :
1778 1300 1810 1359 in

487 1417 519 1459 v.
540 1399 579 1459 40
598 1400 731 1460 veniunt
750 1399 885 1479 apostoli
906 1400 946 1461 ad
967 1400 1118 1479 Lydiam,
1140 1398 1198 1461 sed
1221 1398 1302 1459 nibil
1325 1401 1453 1459 narrant
1474 1396 1514 1458 de
1535 1398 1693 1458 miraculo
1716 1397 1809 1470 iacto,

486 1494 568 1555 nihil
587 1488 719 1574 'quoque
741 1495 780 1559 de
802 1498 1011 1559 conversione
1031 1496 1192 1568 custodis,
1217 1495 1268 1557 cui
1289 1513 1329 1556 ne
1348 1493 1536 1557 valedicitur
1557 1493 1703 1572 quidem.
1731 1496 1812 1572 Ergo

488 1596 555 1653 tota
573 1594 713 1655 narratio
732 1594 773 1655 de
792 1595 950 1656 miraculo
973 1598 1077 1655 terrae
1100 1602 1208 1655 motus
1230 1598 1263 1654 et
1286 1592 1326 1654 de
1349 1592 1557 1654 conversione
1579 1589 1724 1652 custodis
1744 1590 1810 1650 iam

487 1691 668 1753 ostenditur
681 1692 760 1753 lalso
775 1693 871 1753 illata.
889 1694 936 1752 lta
947 1690 1062 1771 Janqrt
1078 1690 1128 1770 (ei.
1145 1689 1229 1751 Bels.
1247 1709 1278 1768 p.
1296 1688 1355 1769 79).
1372 1689 1440 1751 Nou
1454 1689 1608 1767 expendit
1619 1687 1669 1749 vir
1678 1687 1810 1750 criticus

487 1789 612 1867 quoties
629 1790 729 1850 Lucas
744 1790 794 1850 vel
805 1789 991 1850 summatim
1006 1788 1122 1849 reserat
1135 1788 1185 1849 vel
1201 1787 1305 1848 multa
1318 1803 1398 1866 quae
1412 1787 1520 1848 tamen
1538 1791 1624 1848 certe
1642 1785 1726 1846 iacta
1746 1786 1811 1847 sint

486 1885 616 1965 penitus
629 1885 767 1947 omittat.
786 1886 844 1948 llic
857 1905 894 1947 au
900 1891 963 1947 tem
977 1888 1010 1946 in
1026 1887 1095 1946 solo
1110 1886 1208 1946 verbo
1221 1884 1407 1963 παρεκάλεσαν
1420 1887 1527 1954 totum
1544 1881 1620 1944 satis
1634 1882 1807 1945 indicatur.

486 1983 565 2042 Nam
580 1982 731 2044 iratribus
745 1984 785 2044 de
798 1984 977 2062 captivitate
991 1983 1124 2069 moestis
1138 1982 1279 2061 prolecto
1293 1982 1451 2044 maximae
1466 1971 1680 2043 consolationi
1694 1984 1762 2042 erat
1776 1986 1810 2041 et

486 2079 542 2138 Dei
562 2080 784 2141 testimonium
797 2085 829 2139 et
843 2082 1008 2142 conversio
1023 2080 1167 2143 custodis
1182 2084 1215 2141 et
1225 2078 1400 2140 honorilice
1408 2082 1590 2157 praetorum
1604 2075 1805 2155 deprecatio.

486 2174 584 2237 Porro
603 2178 704 2238 Lucas
726 2178 879 2256 supponit
898 2177 1016 2239 librum
1036 2194 1130 2238 suum
1152 2176 1213 2256 legi
1234 2177 1273 2237 ab
1292 2175 1478 2236 hominibus
1497 2174 1620 2236 ratione
1640 2172 1805 2253 praeditis.

486 2272 566 2345 Quid
586 2291 668 2353 opus
687 2280 756 2337 erat
777 2291 905 2335 narrare
925 2275 1009 2353 quod
1030 2292 1087 2353 pro
1109 2273 1217 2335 indole
1238 2274 1380 2335 humana
1397 2289 1506 2352 perse
1525 2277 1623 2352 patet,
1642 2271 1807 2351 apostolos

443 2439 445 2442 y
484 2388 631 2433 narrasse
660 2390 740 2451 quae
769 2373 966 2445 evenissent;
987 2380 1042 2433 aut
1068 2372 1141 2450 quis
1165 2371 1323 2450 putaverit
1345 2371 1456 2432 iratres
1479 2387 1520 2431 ne
1543 2386 1648 2431 unum
1672 2368 1807 2449 quidem

485 2468 619 2531 verbum
634 2468 762 2540 dixisse,
779 2470 896 2547 quiesi
911 2469 1010 2531 locuti
1026 2473 1149 2542 essent,
1166 2469 1267 2530 Lucas
1284 2467 1398 2530 debuit
1416 2465 1449 2527 id
1468 2466 1743 2528 commemorare?
1757 2468 1808 2528 An

484 2569 518 2625 et
529 2582 587 2627 vos
602 2567 671 2627 sine
688 2566 851 2627 intellectu
867 2566 963 2627 estis?
1311 2563 1314 2568 ’

649 2753 672 2822 ι)
687 2756 815 2807 Paulus
830 2753 864 2805 iu
879 2754 1020 2806 urbibus
1035 2753 1278 2807 Thessalonica
1290 2755 1326 2807 st
1339 2754 1470 2806 Beroea
1487 2752 1636 2817 izi-¹5.

524 2915 595 2977 it,i.
628 2915 721 2974 Quum
753 2922 847 2965 autem
881 2915 1122 2977 perambulassent
1205 2915 1276 2975 it,i.
1309 2909 1482 2973 Διοδείσανσες
1510 2908 1537 2963 bi
1567 2907 1614 2977 τὴν
1650 2908 1803 2982 Ἀμφίπολιν

483 3003 673 3068 Amphipolim
704 3006 733 3053 et
761 3003 952 3067 Apolloniam,
984 3008 1121 3054 venerunt
1165 2997 1207 3052 ααλ
1230 2996 1274 3064 τὴν
1296 2997 1481 3072 Ἀπολλωνίαν,
1504 2993 1584 3067 ἦλθον
1608 2997 1642 3062 είς
1670 2997 1803 3052 θεσσαλο-

483 3091 727 3151 Thessalonicam,
751 3091 798 3141 ubi
822 3097 882 3141 erat
905 3104 1049 3156 synagoga
1078 3091 1120 3140 lu·
1165 3086 1246 3155 νίκην,
1275 3087 1336 3141 daos
1364 3082 1395 3154 ἦν
1422 3083 1556 3158 συναγωγὴ
1584 3091 1634 3140 τῶν
1667 3084 1802 3142 Ἰουδαίων.

482 3179 626 3231 dacorum.
653 3179 678 3229 2.
709 3179 868 3230 Secundum
892 3179 1120 3230 consuetudinem
1166 3179 1192 3230 ί.
1212 3174 1275 3229 aeth
1301 3174 1328 3229 at
1349 3175 1379 3229 τὸ
1401 3173 1488 3238 εἰωθὸς
1509 3180 1547 3247 τῷ
1570 3174 1665 3247 Παύλῳ
1688 3174 1805 3243 εἰσῆλθεν

481 3271 576 3320 autem
597 3268 702 3319 Paulus
726 3269 850 3318 introivit
880 3269 915 3318 ad
936 3281 999 3327 eos,
1020 3271 1048 3319 et
1070 3281 1121 3332 per
1164 3263 1224 3336 πρὸς
1241 3262 1341 3329 αὐτοὺς,
1356 3264 1398 3317 καί
1416 3262 1454 3318 ἐπὶ
1472 3263 1586 3318 sibime
1603 3263 1661 3335 epla
1678 3263 1805 3326 διελίξατο

482 3355 600 3407 sabbata
615 3359 667 3407 tria
681 3356 835 3407 disserebat
849 3359 891 3406 eis
905 3356 939 3406 ‹le
958 3356 1118 3420 scripturis,
1164 3351 1248 3415 αὐτοῖς
1270 3352 1319 3407 ἀπο
1343 3358 1392 3406 σῶν
1415 3357 1527 3425 γραφῶν,
1548 3356 1575 3408 3.
1600 3352 1736 3424 διανοίγων
1762 3354 1807 3406 asi

481 3446 508 3497 3.
532 3444 706 3509 Adaperiens
729 3448 757 3496 et
782 3446 928 3495 insinuans
947 3447 1014 3508 qrvla
1036 3444 1119 3496 Chri·
1163 3441 1369 3512 παρααιθίγιενος,
1392 3442 1431 3494 ὅτι
1453 3441 1497 3496 τοι
1516 3440 1621 3512 Χριστδν
1640 3441 1691 3494 ἔδει
1714 3443 1804 3495 παθεῖν

481 3539 555 3584 stum
575 3535 698 3597 oportuit
717 3535 775 3596 pati
794 3538 821 3583 et
840 3546 1023 3596 resurgeres
1043 3546 1118 3583 nror·
1164 3529 1206 3582 καί
1237 3528 1372 3596 ἀναστῆναι
1403 3529 1430 3583 la
1459 3534 1565 3600 νεαρῶν,
1593 3530 1636 3583 sal
1662 3530 1703 3584 ὅτι
1731 3526 1805 3593 οὗτος

482 3623 551 3682 tuis;
568 3630 595 3673 et
610 3623 676 3686 utria
691 3622 737 3671 hic
751 3627 793 3671 est
806 3622 883 3671 lesus
896 3622 1023 3672 Christus
1035 3634 1118 3685 quem
1164 3616 1230 3670 ἐστιν
1253 3618 1267 3671 ὁ
1289 3617 1399 3690 Χριστος,
1419 3616 1434 3670 ὁ
1456 3614 1553 3686 Ἰησοῦς
1570 3619 1600 3671 ὃν
1626 3615 1681 3690 ἐγὼ
1704 3637 1803 3689 καταγ-

482 3723 536 3774 ego
555 3711 692 3761 annuntio
706 3711 795 3760 vobis.
809 3710 833 3759 i.
852 3711 884 3760 tit
899 3711 1011 3774 qaudam
1028 3723 1063 3761 ex
1077 3712 1119 3761 eis
1162 3704 1248 3777 γίλλο
1264 3705 1334 3778 ipis.
1354 3710 1379 3762 i.
1399 3706 1441 3759 αεί
1457 3725 1521 3769 τινες
1539 3704 1565 3770 iffi
1583 3705 1665 3760 αὗτῶν
1684 3706 1801 3775 iactata·

481 3798 673 3853 crediderunt.
695 3804 723 3849 et
746 3799 868 3849 actiuncti
894 3806 960 3849 suni
980 3798 1067 3849 Paulo
1090 3803 1118 3848 et
1163 3813 1223 3858 σαν,
1246 3795 1289 3847 ael
1311 3793 1550 3866 προσεκληρώθησαν
1577 3800 1614 3868 τῷ
1637 3795 1731 3868 ίίαιίλῳ
1760 3798 1803 3850 καὶ

482 3886 572 3946 Silae,
601 3891 630 3937 et
659 3886 694 3937 de
726 3888 881 3938 colentibus
912 3889 1119 3951 gentilibusque
1150 3882 1240 3955 Ἔθις,
1263 3889 1312 3938 τῶν
1335 3902 1361 3939 τε
1384 3883 1526 3956 σσὸομίνονν
1548 3881 1682 3951 Ἐλλήνων
1706 3884 1802 3952 πλῆθος

481 3974 631 4025 nruliltudo
654 3987 771 4037 magna,
799 3982 828 4025 et
854 3976 984 4026 irrrrlieres
1007 3976 1118 4026 nobiles
1162 3972 1241 4036 aeli,
1261 3978 1383 4045 γυναικῶν
1401 3991 1427 4027 τι
1446 3977 1497 4027 τῶν
1516 3974 1622 4044 aphrus
1640 3974 1686 4026 σι’νι
1704 3972 1799 4046 ὀλίγαι.

480 4076 537 4113 non
552 4076 668 4127 paucae.
1199 4066 1226 4117 5.
1246 4061 1403 4128 ζηλώσαντες
1421 4060 1448 4115 el
1465 4061 1491 4116 ol
1505 4061 1646 4135 Ῑίουάαἴοι,
1666 4061 1710 4115 καί
1727 4081 1803 4134 προσ-

517 4152 542 4201 5.
564 4151 694 4203 zelantes
717 4156 810 4201 autem
836 4151 945 4211 ludaei,
970 4163 1118 4203 assumen·
1161 4147 1298 4221 leidpsver
1339 4155 1391 4204 τῶν
1430 4148 1556 4223 ἀγοραίων
1598 4150 1691 4222 ἀνδρας
1734 4152 1804 4215 τινάς

479 4246 579 4304 tesqua
597 4239 632 4291 de
652 4240 737 4304 vulgo
755 4242 831 4289 siros
852 4240 988 4303 quosdam
1012 4240 1115 4300 malos,
1160 4238 1296 4309 πονηρῶς,
1333 4239 1375 4292 καὶ
1409 4237 1636 4313 ὀχλοποιήσαντες,
1669 4239 1802 4311 lioptacus

477 4330 508 4380 et
523 4329 606 4379 turba
624 4328 711 4390 lacta,
730 4331 939 4381 concitaverunt
959 4329 1114 4388 civitatem3
1160 4325 1207 4392 τὴν
1229 4326 1314 4381 πόλιν·
1342 4327 1384 4381 καὶ
1407 4325 1550 4389 ἐπιστάντες
1571 4330 1604 4400 τῇ
1627 4324 1696 4398 elata
1718 4325 1803 4381 ’liso-

479 4422 508 4467 et
521 4418 686 4469 assistentes
707 4418 801 4469 domui
818 4418 927 4468 Iasonis
945 4418 1117 4482 quaerebant
1161 4434 1218 4480 νος,
1251 4412 1352 4482 ίζήτονν
1383 4414 1471 4479 alcoba
1499 4417 1656 4488 προαγαγεῖν
1690 4413 1725 4479 είς
1757 4415 1801 4470 τὸν

481 4516 530 4555 eos
552 4505 706 4568 producere
729 4509 758 4557 in
781 4508 925 4572 populum.
939 4506 964 4556 e.
981 4506 1016 4557 Et
1030 4518 1116 4571 quum
1160 4503 1251 4575 δῆμον·
1277 4508 1303 4561 6.
1329 4501 1363 4576 μὴ
1391 4503 1501 4575 sipbara<
1527 4503 1555 4558 bl
1584 4503 1688 4569 αὖτοὺς,
1714 4504 1801 4575 ίσνρον

479 4605 536 4644 non
551 4592 725 4645 invenissent
740 4610 802 4656 eos,
821 4595 968 4646 trabebant
987 4595 1116 4646 iasonem
1164 4591 1263 4647 Ἰίσονα
1285 4594 1328 4648 καί
1348 4612 1414 4657 τινας
1436 4591 1557 4666 ἀδελφοὺς
1577 4591 1618 4648 lul
1645 4592 1703 4657 τοὺς
1725 4593 1801 4647 πολε-

478 4685 507 4732 et
517 4681 652 4746 qrrosdam
667 4682 766 4734 iratres
781 4685 816 4735 ad
830 4686 971 4749 principes
984 4686 1114 4748 civitatis,
1160 4683 1267 4754 τάρχας,
1296 4682 1414 4754 βοῶντες,
1444 4682 1485 4736 ὅτι
1515 4682 1541 4736 οἱ
1563 4680 1618 4755 σὴν
1650 4680 1800 4755 οίεονμίνγν

477 4769 633 4822 clamantes
649 4782 656 4820 ε
673 4772 812 4831 Quoniam
827 4775 855 4823 hl
869 4776 916 4838 qui
930 4773 1028 4824 urbem
1046 4787 1115 4825 een·
1161 4769 1392 4836 ἀναστατώσαντες,
1411 4765 1482 4826 οὗτοι
1504 4770 1547 4825 καί
1569 4770 1657 4826 istim
1675 4772 1801 4846 πάρεισιν,
