4128 5442
1048 375 1115 433 rer.
1138 373 1221 442 aar.
1341 340 1344 346 ’
1759 376 1798 433 oa

472 558 583 622 Deum
601 580 619 614 «
640 572 712 617 non
727 550 970 617 coarctandum
990 546 1125 614 videtur
1137 545 1181 613 ad
1193 568 1312 637 preces
1325 552 1404 613 ante
1416 552 1450 612 et
1463 552 1541 636 post
1559 568 1713 615 mensam
1729 550 1798 617 iac·
1880 625 1884 634 ‚

473 665 541 740 tas,
567 658 629 727 scd
653 655 882 725 universalius
901 652 1167 741 intelligendum
1196 655 1284 722 :Dei
1304 652 1423 721 laudes
1446 651 1681 721 indesinenter
1694 676 1792 744 prae·

474 766 637 834 dicabant
667 789 683 820 u
714 761 855 851 (Dect),
887 781 977 849 ¹quae
1001 760 1154 850 acceptio
1180 761 1291 848 magis
1315 759 1487 847 generalis
1513 759 1616 827 etiam
1641 760 1801 850 sequenti

474 870 634 939 membro
657 867 884 936 confirmatur
910 886 918 933 2
944 878 977 932 ct
996 865 1157 935 babentes
1169 868 1320 956 qratiam
1339 865 1387 933 ad
1400 888 1534 933 omnem
1540 864 1676 956 plebem
1681 887 1696 951 ;
1709 865 1799 957 grati

474 983 573 1044 erant
594 975 692 1042 omni
715 974 827 1066 plebi3
849 983 970 1040 ornnes
988 972 1056 1040 illis
1073 973 1237 1056 iacebant
1255 973 1299 1039 ob
1321 971 1410 1039 vitae
1428 970 1654 1062 probitatem,
1675 972 1795 1040 mode-

474 1082 587 1165 stiam,
601 1081 780 1149 caritatem
794 1100 900 1168 quam
913 1069 1134 1146 exhibebant.
1145 1083 1270 1145 Eorum
1281 1076 1370 1145 vitae
1379 1079 1568 1161 sanctitate,
1581 1076 1798 1146 institutione

389 1236 397 1247 ·
474 1194 509 1256 et
537 1189 697 1256 doctrina
724 1181 960 1275 apostolorum
989 1190 1023 1253 et
1048 1184 1178 1274 potenti
1199 1183 1344 1274 Spiritus
1366 1184 1474 1251 sancti
1495 1185 1610 1271 gratia
1624 1169 1799 1253 'effectum

475 1303 541 1379 est,
567 1300 605 1361 ut
624 1314 791 1361 numerus
814 1292 971 1360 fidelium
996 1293 1033 1358 in
1052 1289 1125 1358 dies
1143 1296 1328 1377 augeretur
1346 1311 1354 1357 :
1371 1289 1538 1357 Dominus
1554 1303 1672 1358 entem
1694 1314 1800 1382 unqe·

475 1405 533 1469 bat
557 1398 619 1491 qui
638 1397 730 1472 salci
741 1398 866 1487 fierent
888 1395 1044 1488 quotidie
1063 1398 1100 1463 in
1116 1396 1261 1488 idipsum
1275 1405 1343 1477 τοὺς
1358 1407 1542 1482 σωζομένους
1563 1396 1727 1464 Dominus
1740 1396 1800 1464 ad-

475 1507 598 1587 debat;
626 1505 671 1573 ci.
698 1527 730 1573 v.
756 1510 816 1585 to;
840 1504 901 1594 qui
920 1505 1041 1594 itaque
1056 1503 1201 1570 salutem
1220 1504 1421 1571 messianum
1443 1502 1593 1592 amplexi
1615 1502 1800 1571 salvaban-

474 1620 532 1680 tur
560 1634 600 1678 ex
627 1610 854 1700 generatione
881 1611 947 1678 ista
973 1626 1094 1701 prava.
1125 1609 1287 1678 Dominus
1313 1630 1370 1676 eos
1393 1609 1553 1699 apponit,
1579 1608 1694 1690 addit,
1718 1632 1800 1678 nam

475 1721 729 1787 incrementum
750 1716 811 1784 dat
829 1720 917 1784 Deus
933 1718 965 1805 (1
982 1706 1058 1807 Cor.
1078 1717 1151 1804 3,'l)
1170 1725 1205 1783 et
1223 1722 1308 1784 Deus
1320 1721 1418 1783 vocat
1432 1714 1478 1782 ad
1497 1736 1645 1803 regnum
1661 1718 1803 1784 messia-

475 1847 561 1892 num
588 1824 646 1916 (ci.
667 1829 759 1892 ioan.
785 1828 877 1907 i'i,6.
901 1830 917 1891 1
940 1816 1015 1890 (111.-
1043 1822 1127 1913 1,9).
1149 1823 1212 1900 Qui
1229 1820 1457 1904 addebantur,
1474 1822 1596 1891 eadem
1616 1822 1803 1891 concordia

476 1939 511 2001 et
534 1932 732 1999 animorum
754 1923 978 1997 consensione
1005 1927 1189 1997 utebantur
1215 1950 1292 1996 cum
1313 1927 1389 1996 aliis
1409 1927 1585 2011 fidelibus;
1607 1951 1690 1997 nam
1709 1960 1801 2020 eper-

476 2047 607 2107 ετίθει...
630 2043 679 2105 ἐπὶ
693 2047 727 2105 τὸ
742 2041 831 2120 αὒτὲς
848 2036 892 2103 ef.
909 2058 950 2128 v,
962 2041 1017 2105 ila.
1747 2058 1751 2062 ·

479 2230 482 2235 ’
512 2245 546 2295 ln
561 2246 615 2296 hac
633 2243 797 2294 narratione
816 2243 904 2307 aliqui
923 2222 1012 2294 critici
1030 2243 1110 2293 uaria
1125 2240 1294 2293 oliendlcuia
1311 2234 1533 2306 deprehendunt.
1549 2242 1706 2294 Numerum
1721 2238 1803 2294 iiium'

477 2337 562 2386 trium
577 2314 698 2384 millium
710 2344 739 2383 r.
757 2331 787 2382 11
804 2330 888 2383 valde
904 2340 968 2383 esse
981 2333 1184 2395 exaggeratum
1190 2344 1198 2393 ;
1212 2333 1298 2382 immo
1314 2324 1475 2383 nullatenus
1491 2345 1575 2396 posse
1590 2334 1722 2397 componi
1738 2326 1804 2383 cuni

476 2437 505 2474 v.
520 2423 553 2474 16
568 2416 625 2472 κατ’
642 2415 726 2486 οἶκον,
743 2433 801 2486 qua
813 2432 885 2472 voce
897 2419 1017 2472 eandmu
1031 2420 1130 2471 volunt
1145 2420 1266 2485 intelligi
1278 2419 1402 2482 domum,
1418 2420 1454 2472 de
1467 2434 1523 2485 qua
1541 2420 1601 2483 1,13
1616 2427 1646 2473 et
1660 2421 1705 2484 M
1721 2434 1803 2472 men·

477 2515 517 2563 tio
529 2511 594 2573 stat3
609 2512 639 2562 at
660 2510 776 2561 domum
795 2521 870 2574 quae
892 2506 1014 2561 sufficiat
1032 2509 1239 2574 congregandis
1255 2511 1368 2561 centum
1387 2510 1501 2579 viginti,
1517 2509 1680 2561 nullatenus
1703 2522 1804 2574 capere

477 2614 561 2666 posse
575 2601 630 2649 tria
644 2598 748 2649 mililai
766 2597 901 2650 Poterant
920 2597 1015 2648 nmen
1035 2598 1108 2648 acuti
1127 2597 1168 2648 illi
1183 2599 1340 2663 perspicere
1354 2599 1438 2649 etiam
1451 2598 1618 2662 scriptorem
1637 2598 1722 2648 buius
1736 2611 1803 2649 nar·

477 2690 595 2740 rationis
612 2701 669 2739 non
684 2692 743 2737 tam
760 2687 850 2739 crassi
867 2668 956 2738 inisse
975 2687 1092 2750 ingenii,
1108 2691 1210 2738 utnon
1227 2686 1397 2750 intelligeret
1414 2698 1499 2737 unam
1513 2686 1628 2738 domum
1647 2700 1704 2737 non
1719 2700 1804 2751 posse

477 2789 579 2841 capere
594 2778 649 2826 tria
669 2775 768 2826 millia.
786 2775 873 2826 Proin
894 2783 930 2826 eo
948 2776 1011 2839 ipso
1033 2772 1183 2840 explicatio
1202 2775 1360 2826 criticorum
1378 2773 1414 2825 de
1431 2771 1489 2825 ima
1506 2773 1592 2825 domo
1610 2776 1729 2840 explosa
1748 2778 1800 2827 est.

477 2867 586 2917 Nulllbi
601 2865 706 2915 dicitur
721 2865 775 2915 tria
791 2863 882 2914 millia
900 2865 929 2913 in
945 2876 1004 2914 una
1018 2862 1174 2928 memque
1190 2862 1274 2913 domo
1288 2862 1374 2914 luisse
1388 2862 1434 2914 vel
1447 2863 1512 2913 iilos
1526 2864 1633 2914 nullam
1647 2864 1733 2914 aliam
1749 2864 1802 2914 ba·

476 2956 572 3006 buisse
594 2953 712 3004 domum
735 2952 771 3002 ad
786 2937 885 3003 coetus
908 2950 1093 3004 celebrandos
1114 2951 1169 3002 nisi
1190 2951 1269 3021 iilam
1294 2951 1366 3013 1,13.
1383 2950 1414 3004 Si
1440 2951 1503 3002 dico
1521 2965 1528 3001 :
1545 2950 1751 3005 christifideles
1775 2954 1804 3003 ln

477 3043 584 3108 templo
598 3042 683 3092 orant
696 3044 725 3091 et
744 3040 820 3091 domi
836 3038 1022 3103 manducant,
1038 3053 1106 3091 num
1127 3047 1274 3106 propterea
1292 3052 1387 3092 assero
1406 3052 1505 3091 omnes
1522 3040 1553 3090 in
1572 3053 1629 3091 una
1648 3041 1805 3107 eademque

478 3132 563 3183 domo
584 3128 731 3180 babitare?
747 3156 783 3166 -
800 3128 910 3179 Pariter
932 3128 1082 3180 inveniunt
1101 3128 1215 3193 qnidam
1235 3129 1485 3180 contradictionem
1508 3129 1582 3181 inter
1600 3142 1627 3180 v.
1647 3129 1679 3180 13
1698 3133 1727 3182 et
1744 3130 1777 3183 17
1797 3143 1804 3181 :

478 3222 516 3271 ibi
529 3222 614 3271 timor
628 3204 729 3282 plebis,
746 3218 793 3268 hic
804 3216 885 3268 lavor
897 3220 926 3269 et
938 3217 1045 3282 gratia!
1063 3216 1119 3269 Sed
1134 3230 1183 3269 cur
1194 3230 1251 3268 non
1264 3217 1430 3281 utrumque?
1442 3230 1522 3268 sacra
1533 3218 1656 3283 quadam
1670 3232 1805 3271 reveren·

479 3311 518 3359 ila
532 3311 560 3359 ct
574 3306 747 3359 verecundia
757 3302 976 3358 continebantur
988 3317 1024 3357 ne
1038 3305 1105 3369 quid
1118 3306 1264 3357 molestiae
1277 3306 1312 3357 ils
1326 3305 1476 3367 inierrent;
1490 3307 1557 3358 huic
1570 3304 1731 3359 animorum
1744 3308 1803 3359 dis-

477 3398 612 3461 positioni
629 3409 696 3446 mox
712 3382 830 3446 accessit
848 3395 938 3458 lavor,
954 3404 1018 3446 cum
1032 3393 1160 3446 viderent
1173 3394 1238 3445 iilos
1252 3407 1428 3459 nequaquam
1443 3408 1475 3447 ae
1488 3409 1621 3461 separare
1639 3409 1657 3448 a
1675 3410 1804 3449 commu-

479 3488 564 3536 nione
579 3483 754 3539 adorationis
765 3485 795 3534 in
807 3484 923 3548 templo,
937 3483 1002 3534 illos
1015 3482 1155 3535 excellere
1168 3485 1243 3534 vitae
1256 3484 1404 3548 probitate,
1418 3484 1565 3546 modestia,
1579 3486 1706 3537 caritate.
1721 3486 1805 3537 Unde

479 3587 529 3626 eos
543 3578 572 3625 et
585 3572 787 3625 reverebantur
801 3576 830 3624 et
842 3571 947 3623 bonam
959 3573 994 3622 iis
1008 3572 1129 3636 gratiam
1143 3571 1293 3624 habebant.
1309 3572 1460 3637 Perperam
1476 3574 1560 3624 Weiss
1573 3587 1601 3624 v.
1618 3575 1651 3625 13
1667 3574 1703 3626 do
1713 3575 1804 3639 signis

480 3677 514 3713 ae
531 3661 676 3712 miraculis
695 3660 812 3711 rotulari
833 3661 931 3712 censet
949 3661 1112 3712 narratione
1126 3659 1317 3725 subsequenti,
1333 3662 1374 3711 uti
1393 3675 1478 3726 supra
1494 3663 1550 3735 lam
1570 3662 1730 3727 expositum
1750 3667 1802 3714 est.

482 3752 513 3802 in
533 3749 634 3802 eodem
655 3761 752 3801 errore
772 3748 847 3813 uite.
867 3751 1005 3801 versatur.
1024 3748 1111 3800 Porro
1137 3749 1219 3798 Weiss
1239 3749 1324 3801 talem
1344 3749 1398 3800 sibi
1419 3749 1500 3815 fingit
1519 3750 1658 3802 bonorum
1677 3754 1804 3804 omnium

480 3840 718 3898 communionem,
735 3839 766 3888 ut
780 3850 864 3889 nemo
878 3839 934 3889 iam
954 3838 1062 3903 aliquid
1079 3836 1238 3904 possederit
1254 3851 1350 3897 suum;
1364 3851 1451 3903 quare
1465 3838 1532 3890 dicit
1550 3839 1604 3891 ltoc
1620 3840 1696 3905 quod
1713 3854 1741 3891 v.
1757 3839 1803 3893 11.

482 3928 514 3979 15
534 3932 675 3987 narratur,
696 3926 906 3994 narrationibus
924 3927 988 3978 aliis
1000 3926 1235 3991 subsequentibus
1253 3929 1283 3977 ui
1300 3926 1402 3978 ialsum
1422 3928 1619 3979 demonstrari.
1636 3928 1697 3990 Hoc
1711 3932 1805 3981 umen

481 4016 698 4067 admirationem
718 4018 826 4077 movet,
840 4000 917 4080 qutid
937 4016 1028 4066 critici
1046 4015 1094 4065 isti
1113 4018 1155 4065 tot
1173 4016 1319 4066 inveniunt
1333 4028 1407 4079 quae
1423 4016 1497 4067 inter
1514 4029 1547 4068 se
1564 4021 1661 4082 aperte
1677 4030 1805 4081 pugnare

481 4103 657 4156 contendunt
670 4106 699 4155 et
712 4103 789 4168 qnod
801 4104 850 4168 qui
862 4104 965 4155 librum
980 4103 1137 4168 composuit
1150 4102 1170 4152 i.
1185 4115 1212 4153 e.
1225 4101 1377 4154 secundum
1389 4117 1439 4156 eos
1450 4118 1486 4157 ex
1497 4103 1575 4157 ionte
1591 4106 1717 4170 genuino
1736 4107 1804 4158 irau-

481 4195 519 4245 sit
533 4199 562 4244 et
581 4194 661 4243 varia
678 4191 715 4243 de
729 4203 782 4244 suo
803 4192 946 4255 adiunxit,
962 4190 1102 4243 eiusmodi
1118 4191 1343 4243 contradictionis
1356 4196 1386 4244 et
1399 4195 1602 4260 repugnantiae
1620 4207 1716 4246 rerum
1730 4209 1804 4248 nun·

481 4295 566 4347 qttarn
583 4281 674 4332 lactus
693 4286 738 4332 est
756 4283 888 4332 conscius
901 4293 995 4346 neque
1014 4282 1040 4333 el
1054 4282 1083 4331 in
1097 4283 1219 4331 mentem
1238 4283 1315 4332 venit
1331 4294 1362 4333 se
1379 4295 1494 4336 narrare
1511 4284 1584 4336 inter
1600 4297 1632 4336 se
1648 4287 1806 4350 pugnantia

480 4371 526 4422 vel
541 4371 609 4422 talla
623 4367 797 4435 deprehendi
811 4382 895 4435 posse
907 4369 942 4421 ab
956 4370 992 4420 ils
1005 4370 1055 4434 qni
1068 4369 1170 4421 librum
1181 4369 1286 4434 legant.
1725 4360 1728 4366 ’

869 4922 1062 4963 tremendu.
1080 4937 1112 4948 -
1127 4925 1153 4965 nt
1169 4925 1248 4968 aeros
1263 4929 1346 4969 aroer.
1366 4921 1425 4968 -1
1486 4930 1491 4937 ·
