4128 5442
6 288 43 347 ‘.-
70 304 74 309 ¹
235 327 274 394 74
407 362 411 367 ·
576 336 577 339 ’
786 392 788 396 ,
815 299 989 401 111310.
1122 292 1127 301 .

71 486 77 519 ³
110 528 124 564 Ι,
231 474 432 544 beatitatem
460 498 494 543 v.
522 482 565 543 20
598 489 638 542 ut
662 498 740 543 cum
768 474 925 557 venerint
947 487 1102 562 tempora
1127 475 1307 565 refrigerii
1337 500 1360 544 a
1386 491 1570 568 conspectu

232 580 391 665 Domini,
407 587 476 651 tem
480 603 566 673 pora
579 582 700 648 beatae
719 578 981 659 consolationis,
997 599 1087 667 quae
1101 581 1205 646 alteo
1225 584 1323 670 quasi
1339 604 1478 671 egressa
1491 587 1570 651 mit-

232 692 348 757 tentur
372 702 406 757 ct
428 687 563 755 miserit
583 708 660 753 eum
684 686 749 774 qui
771 681 994 774 praedicatus
1013 694 1064 750 eat
1093 683 1203 770 cobis,
1230 687 1343 756 Iesum
1373 688 1570 775 Christum

231 799 390 887 tempora
414 796 532 884 itaque
560 790 731 876 refrigerii
760 797 862 856 erunt
884 795 962 880 post
986 791 1178 860 secundum
1210 791 1336 861 Christi
1364 796 1567 865 adventum.

232 902 338 979 Quale
350 899 571 986 refrigerium
583 896 736 962 futurum
750 896 805 979 sit,
820 896 900 964 vide
914 902 1016 988 Aper.
1034 903 1115 983 111
1133 916 1142 967 :
1156 902 1191 966 et
1205 897 1383 987 absterget
1395 906 1486 971 Deus
1496 923 1571 971 om-

231 1028 313 1076 nem
328 990 508 1075 lacrimam
521 1001 566 1069 ab
580 1000 689 1069 oculis
702 1023 822 1070 eorum
833 1009 897 1071 etc.
912 1010 947 1071 et
964 1004 1009 1074 cf.
1027 1009 1069 1072 ls.
1090 1009 1214 1089 65,18;
1232 1010 1347 1085 66,st
1370 1008 1569 1077 Secundum

230 1112 326 1203 culp.
348 1108 519 1177 sententia
532 1112 583 1175 est
593 1106 821 1199 incompleta;
837 1109 1022 1200 supplent:
1039 1123 1168 1188 arcum
1180 1110 1398 1180 venerint
1415 1118 1451 1179 et
1471 1116 1572 1182 mise·

194 1278 199 1284 .
231 1219 305 1286 rit..
326 1214 467 1283 veniant
481 1227 515 1282 et
529 1213 620 1282 uotis
634 1237 657 1282 o
668 1215 763 1305 facie
776 1215 918 1283 Domini
932 1214 1073 1305 (Beda),
1088 1215 1157 1298 vel,
1174 1217 1280 1284 etaiam
1292 1241 1352 1285 uos
1366 1218 1406 1285 in
1422 1218 1567 1310 resripe·

229 1322 284 1389 rio
301 1322 376 1389 sitis
393 1320 518 1413 (Bccl.)
536 1323 592 1389 vel
605 1320 1002 1390 similiter-Sententiam
1019 1320 1125 1388 etiam
1148 1321 1187 1389 in
1203 1321 1301 1413 vulp.
1319 1347 1392 1392 esse
1410 1324 1568 1417 comple·

230 1436 303 1497 tam
323 1432 421 1498 Patr.
442 1435 559 1496 censet
581 1427 631 1494 ita
653 1427 828 1517 explicans
847 1449 857 1497 t
882 1424 1002 1517 utpote
1020 1423 1101 1495 cum
1122 1427 1282 1496 venerint
1301 1433 1464 1521 tempora
1483 1436 1565 1515 etc,
1602 1420 1604 1423 ⁵

230 1535 279 1604 ita
294 1540 328 1603 et
342 1534 474 1603 occasio
488 1534 559 1600 iam
573 1533 617 1600 sit
629 1540 850 1622 peccatorum
861 1532 999 1600 veniam
1011 1554 1031 1599 a
1046 1538 1114 1600 Deo
1128 1555 1193 1623 per
1209 1530 1321 1602 lesu'm
1335 1536 1565 1627 impetrandi3

230 1641 325 1710 unde
340 1639 560 1726 refrigerium
574 1637 737 1725 intelligit
752 1636 797 1705 de
811 1660 852 1705 eo
866 1637 960 1728 quod
979 1639 1132 1706 Christus
1145 1640 1217 1707 iam
1231 1639 1334 1709 nobis
1353 1642 1483 1709 attulit.

275 1752 366 1825 Quae
381 1750 498 1813 tamen
514 1743 692 1833 explicatio
710 1752 828 1812 coacta
852 1748 918 1827 est,
944 1743 1138 1812 silatinum
1153 1751 1302 1836 spectem
1322 1769 1407 1815 uam
1432 1759 1473 1814 ut
1493 1770 1565 1816 non

231 1851 306 1919 eine
319 1849 485 1918 violentia
498 1849 688 1940 explicatur
701 1854 833 1939 utpote3
846 1854 879 1917 et
892 1848 922 1917 si
935 1871 1100 1939 graecum
1115 1851 1284 1936 consulis,
1301 1851 1419 1920 evadit
1432 1853 1496 1921 illa
1513 1853 1566 1920 in·

229 1955 431 2049 terpretatio
444 1956 543 2025 falsa.
561 1954 710 2022 liabetur
724 1955 815 2024 enim
831 1962 913 2039 ὅπως
925 1942 980 2039 dv,
997 1979 1087 2048 quae
1101 1956 1273 2048 particula
1287 1959 1395 2027 etiam
1408 1961 1447 2028 in
1464 1958 1566 2050 vulp.

230 2064 380 2130 vertitur
395 2076 434 2131 ut
462 2062 553 2153 (Luc.
575 2067 654 2145 2‚35
675 2066 712 2128 ut
729 2063 945 2143 revelentur3
962 2067 1035 2131 Act.
1065 2069 1180 2146 15,st
1198 2069 1296 2133 Rom.
1319 2065 1406 2155 3,!s),
1432 2070 1566 2134 etcum

231 2170 453 2238 coniunctivo
479 2169 598 2235 iuncta
610 2167 781 2257 significat
800 2168 843 2236 iis
863 2168 902 2236 in
915 2167 999 2237 locis
1015 2168 1258 2257 intentionem.
1272 2171 1422 2240 Proinde
1441 2171 1563 2240 eadem

229 2276 327 2343 notio
345 2276 413 2342 erit
427 2275 485 2342 hic
496 2275 686 2342 retinenda.
701 2276 906 2343 Enuntiatur
916 2274 1033 2365 itaque
1048 2277 1299 2366 poenitentiam
1319 2284 1353 2347 et
1366 2276 1565 2347 conversio-

229 2396 315 2450 nem
331 2380 377 2448 ad
396 2386 502 2449 Deum
526 2380 716 2449 necessario
741 2381 949 2475 praecedere
976 2380 1105 2451 debere
1120 2405 1163 2450 ex
1185 2384 1247 2452 Dei
1270 2384 1506 2468 ordinatione,
1525 2395 1564 2450 nt

231 2486 351 2555 venire
365 2486 494 2577 possint
504 2494 658 2576 tempora
671 2487 842 2576 refrigerii
851 2492 884 2555 et
894 2492 933 2555 ut
944 2488 1115 2556 secundus
1125 2488 1433 2575 Christiadventus
1445 2488 1564 2557 locum

231 2592 373 2661 habeat.
396 2592 651 2660 consummatio
669 2593 763 2660 enim
780 2592 999 2669 saeculorum
1014 2616 1085 2661 uon
1102 2593 1188 2678 erit,
1210 2594 1320 2662 donec
1339 2595 1562 2683 evangelium

231 2699 394 2767 omnibus
403 2703 454 2766 est
466 2699 705 2768 annuntiatum
722 2699 847 2789 (llatth.
865 2700 982 2791 1141)
997 2705 1031 2769 et
1042 2700 1155 2770 donec
1168 2701 1282 2768 omnis
1295 2701 1402 2769 lsrael
1416 2700 1563 2770 docente
1657 2778 1662 2788 ¹

228 2806 386 2897 apostolo
405 2804 511 2873 fidem
530 2805 653 2874 Christi
672 2807 841 2896 professus
859 2806 974 2874 salvus
993 2807 1031 2875 fit
1053 2808 1170 2898 (Rom.
1196 2811 1327 2891 1136).
1348 2807 1405 2875 Uti
1423 2806 1463 2874 in
1487 2829 1563 2875 ora-

231 2912 327 2980 tione
348 2911 578 2980 ecclesiastica
599 2912 734 2995 dicitur,
755 2913 819 2980 soli
844 2916 913 2981 Deo
933 2918 1107 2982 natusest
1125 2934 1291 2981 numerus
1311 2912 1504 2981 electorum
1523 2914 1562 2981 in

134 3094 138 3101 ,
231 3024 374 3088 aeterna
390 3017 554 3086 felicitate
577 3018 759 3103 locandus3
774 3018 841 3087 isto
860 3041 1006 3088 numero
1029 3018 1201 3110 completo
1219 3019 1285 3087 erit
1307 3020 1563 3088 consummatio

230 3125 375 3209 saeculi;
396 3125 486 3193 unde
503 3125 670 3193 conclude
695 3147 774 3192 vere
789 3124 883 3193 dici:
907 3124 1166 3208 convertimini,
1187 3130 1228 3193 ut
1245 3125 1387 3193 veniant
1402 3132 1563 3218 tempora

230 3231 419 3318 refrigerii,
441 3231 552 3298 tendit
565 3231 680 3322 itaque
695 3231 901 3322 propagatio
918 3231 1019 3320 regni
1037 3229 1198 3298 messiani
1224 3230 1269 3298 ad
1289 3230 1431 3299 beatum
1459 3231 1562 3298 issam

230 3338 354 3420 finem,
372 3360 441 3427 quo
456 3337 596 3404 demum
610 3339 647 3403 in
661 3339 813 3426 perfecta
824 3336 937 3425 gloria
953 3336 1206 3405 manifestetur.
1222 3338 1321 3404 Haud
1336 3336 1495 3404 absimile
1511 3341 1562 3404 est

230 3443 325 3535 quod
341 3443 491 3511 babetur
504 3450 607 3532 Apoc.
623 3450 758 3524 6,10.11
780 3464 789 3510 :
806 3444 957 3511 clamant
969 3442 1107 3510 animae
1126 3442 1391 3511 interfectorum
1409 3464 1418 3512 τ
1435 3465 1562 3533 usque-

231 3572 300 3641 quo
321 3552 463 3616 Domine
481 3571 552 3615 non
572 3547 724 3616 iudicas?
739 3556 773 3617 et
793 3548 921 3618 dicitur
934 3548 1001 3629 eis,
1016 3554 1055 3615 ut
1075 3549 1313 3639 requiescant,
1335 3547 1443 3616 donec
1468 3571 1560 3617 com-

220 3656 390 3748 pleantur
413 3656 568 3722 conservi
584 3677 701 3722 eorum
714 3661 749 3722 et
768 3655 890 3723 fratres
903 3653 966 3744 qui
983 3654 1216 3723 interficiendi
1234 3660 1315 3722 sunt
1331 3655 1420 3722 sicut
1443 3660 1479 3721 et
1492 3655 1558 3723 illi.

226 3767 369 3830 vertunt
380 3760 489 3851 aliqui
504 3766 585 3842 ὅπως
605 3768 640 3829 ἄν
654 3760 941 3851 quandocumque
956 3759 1131 3843 venerint3
1146 3759 1184 3827 id
1197 3761 1292 3851 quod
1306 3782 1419 3851 aeque
1435 3766 1556 3829 contra

226 3869 490 3957 grammaticam
504 3870 624 3957 peceat
638 3873 738 3957 atque
752 3872 873 3935 contra
891 3864 944 3934 rei
964 3866 1155 3933 veritatem.
1170 3870 1257 3934 Nam
1274 3872 1357 3947 ὅπως
1382 3865 1558 3956 particula

229 3973 430 4062 temporalis
445 3973 600 4061 iungitur
622 3972 807 4041 indicativo
825 3977 859 4040 et
873 3971 1043 4063 optativo,
1060 3994 1129 4040 nou
1141 3977 1258 4041 autem
1277 3972 1500 4040 coniunctivo
1524 3976 1561 4039 et

228 4080 371 4169 insuper
391 4078 447 4146 1111
468 4080 574 4147 babes
596 4087 677 4160 ’ὁπως
705 4087 740 4147 ἄν
762 4078 819 4170 (ef.
847 4078 959 4166 Klotz,
987 4084 1108 4147 Devar.
1142 4083 1169 4145 11
1191 4101 1226 4169 p.
1251 4083 1314 4147 681
1336 4079 1446 4169 seq.);
1475 4077 1558 4146 dein

229 4184 372 4254 evidens
387 4193 437 4252 est
450 4193 590 4275 peccata
609 4206 679 4252 non
697 4192 771 4252 tum
785 4186 925 4253 demum
940 4185 1091 4275 expungi
1112 4206 1154 4252 ac
1172 4184 1301 4267 deleri,
1317 4182 1560 4274 quandocum-

230 4314 298 4383 que
312 4291 468 4359 venerint
481 4298 635 4380 tempora
660 4291 844 4380 refrigerii.

274 4403 441 4489 Tempora
456 4397 626 4484 refrigerii
645 4420 747 4487 porro
765 4396 1008 4468 declarantur:
1025 4404 1073 4467 καὶ
1088 4400 1252 4487 ἀποστείλῃ
1273 4400 1307 4464 ct
1324 4402 1363 4464 ut
1379 4395 1556 4466 11ιί1111111

230 4514 511 4595 προκεχειρισμένον
538 4514 605 4589 ὑμῖν
628 4507 736 4571 lesum
758 4503 854 4571 vobis
877 4503 1178 4593 praeordinatum,
1205 4502 1302 4571 vobis
1326 4501 1555 4585 destinatum,

232 4611 293 4702 qui
313 4612 384 4678 scil.
405 4632 426 4677 a
450 4615 516 4679 Deo
538 4611 639 4677 iudex
656 4611 860 4678 constitutus
879 4609 915 4675 iu
935 4610 1084 4679 secundo
1102 4609 1253 4679 adventu
1273 4608 1344 4679 suis
1360 4607 1557 4701 praemium

227 4717 332 4814 regni
349 4718 510 4785 messiani
527 4717 665 4784 tribuet.
681 4714 829 4784 llessiam
843 4715 926 4806 ipsis
941 4737 1012 4784 esse
1026 4715 1253 4799 destinatum,
1269 4716 1306 4784 in
1321 4738 1444 4785 eorum
1463 4736 1558 4785 com·
1668 4788 1672 4795 ,
