4092 5490
272 317 333 375 tit
501 378 503 383 ,
845 329 912 374 ιον.
936 314 1037 388 laid.

271 468 319 519 bat
346 472 441 519 autem
464 466 574 530 Syriam
595 452 626 519 et
647 466 789 529 Ciliciam,
816 466 915 519 coniir·
959 464 1042 535 χάριτι
1068 464 1113 516 τοῦ
1140 460 1229 532 11υρίου
1254 457 1302 514 ίπδ
1328 464 1378 512 τῶν
1405 460 1525 533 ἀδιλρῶν,
1555 471 1597 521 11,

271 570 352 608 mans
388 557 538 617 ecclesias,
568 557 745 620 praecipiens
774 555 914 607 custodire
958 552 1074 623 διήρχετο
1097 550 1124 605 δὲ
1146 546 1192 617 τὴν
1217 549 1306 622 Συρίαν
1330 547 1373 602 καί
1399 547 1444 615 τὴν
1470 550 1597 620 Κιλικίαν,

270 652 422 712 praecepta
436 645 628 711 apostotorum
646 647 674 694 et
685 644 839 693 seniorum.
958 638 1121 711 ίπιστηρίίων
1139 640 1184 701 τὰς
1206 638 1347 706 ἐκκλησίας.

309 736 380 799 16,1.
406 736 538 787 Pervenit
561 734 655 782 autem
679 730 790 780 Derben
814 735 842 780 et
853 731 911 794 Ly·
996 730 1067 795 16,1.
1102 726 1260 794 Κατήντησεν
1297 727 1324 780 δὲ
1358 726 1402 780 καί
1438 725 1471 790 τίς
1507 726 1599 799 Δέρίην

268 831 367 878 stram.
381 825 491 875 Etecce
504 816 910 882 discipulusquidarneratibi,
957 813 999 867 xci
1034 813 1067 876 ιίς
1098 813 1219 884 Λύστραν·
1252 815 1294 867 καλ
1323 814 1390 881 aa,
1421 817 1533 889 ραδητης
1564 838 1600 881 τις

270 916 385 966 nomine
408 910 587 967 Timotheus,
610 904 686 956 filius
713 905 839 956 mulieris
863 905 911 955 lu·
956 896 987 969 ἦν
1014 900 1069 955 ἐκεῖ
1096 900 1201 973 ὀνόματι
1233 901 1368 973 Τιμόθεος,
1400 905 1452 969 υίδς
1483 908 1599 978 γυναυιδς

270 1003 359 1054 daeae
373 998 474 1058 tidelis,
491 996 572 1059 patre
586 995 694 1059 gentili.
712 994 737 1043 i.
752 992 911 1044 Huictesti·
960 987 1079 1054 Ἰουδαίας
1120 994 1220 1060 πιστῆς,
1259 991 1351 1062 πατρὸς
1392 992 1419 1046 δὲ
1456 993 1593 1063 Ἕλληνος·

269 1086 515 1141 moniumbonum
531 1083 685 1135 reddebant
699 1084 747 1147 qui
761 1082 791 1132 in
805 1081 912 1146 Lysiris
957 1083 983 1137 i.
1016 1082 1043 1142 δς
1078 1081 1237 1153 ἐμαρτυρεῖτο
1266 1079 1315 1134 ὑπὸ
1347 1085 1396 1133 τῶν
1425 1081 1451 1134 ir
1480 1084 1598 1154 Λύστροις

268 1181 350 1228 erant
370 1179 399 1226 et
422 1174 518 1225 Iconio
538 1172 648 1224 tratres.
671 1172 696 1223 3.
718 1172 799 1224 Ηιιιιο
821 1173 911 1224 votuit
954 1169 997 1222 κοιλ
1025 1167 1121 1242 Ἰκονίῳ
1147 1169 1271 1241 ἀδελφῶν.
1303 1173 1329 1225 3.
1354 1173 1442 1223 τοῦτον
1475 1167 1597 1239 ἠθέλησεν

269 1263 375 1315 Paulus
401 1275 498 1315 secum
528 1260 680 1327 proncisci;
709 1265 738 1312 et
763 1272 910 1313 assumens
954 1256 969 1309 ὁ
997 1257 1097 1320 Παῦλος
1130 1259 1173 1311 σίου
1201 1256 1269 1330 αίιῷ
1297 1257 1417 1328 ἐξελθεῖν,
1444 1258 1596 1313 παλλαδίου

267 1352 443 1404 circumcidit
474 1365 540 1404 eum
571 1351 686 1415 propter
714 1347 834 1401 iudaeos
861 1351 910 1414 qui
954 1346 1094 1417 περιέτεμεν
1119 1345 1195 1399 σίτδν
1223 1345 1265 1398 διδ
1293 1346 1350 1410 robe
1379 1345 1513 1411 Ἰουδαίους
1540 1350 1596 1413 τους

267 1444 349 1495 erant
362 1444 391 1493 ln
406 1441 463 1492 iliis
477 1441 557 1490 locis.
576 1437 708 1489 Sciebant
721 1438 797 1488 enirn
811 1450 909 1488 omnes
953 1434 1025 1494 ὄντας
1051 1433 1077 1487 ίν
1104 1436 1158 1496 τοῖς
1185 1435 1270 1503 τόποις
1294 1435 1405 1497 ίιιιίνοις·
1426 1438 1527 1509 ᾔδιισαν
1547 1438 1596 1510 γὰρ

265 1531 342 1597 quod
363 1536 444 1595 pater
463 1531 524 1579 eius
547 1531 609 1578 erat
627 1525 750 1589 gentilis.
768 1525 794 1576 i.
815 1525 908 1586 Qumn
953 1522 1058 1584 ἅπαντες
1093 1524 1131 1577 ὅτι
1162 1521 1260 1580 Ἕλλην
1287 1523 1302 1576 ὁ
1338 1522 1420 1595 πατὴρ
1447 1524 1523 1579 αὐτοῦ
1547 1527 1595 1581 in·

265 1621 360 1670 autem
380 1618 587 1681 pertransirent
602 1616 744 1675 civitates,
760 1614 908 1666 tradebant
952 1614 1041 1682 ῆρχιν.
1067 1616 1093 1667 i.
1117 1613 1151 1674 ὡς
1174 1612 1201 1665 n
1228 1613 1399 1684 transpicere
1426 1612 1470 1676 τὰς
1494 1615 1592 1680 πόλεις,

264 1708 307 1758 eis
320 1705 447 1757 cutodire
464 1703 599 1769 dogmata
612 1716 685 1768 qnae
700 1707 781 1754 erant
796 1703 907 1755 decreta
951 1700 1114 1771 παρεδίδοσαν
1142 1700 1225 1764 αὐτοῖς
1251 1702 1381 1773 φυλάσσειν
1412 1701 1444 1755 τὰ
1480 1704 1595 1775 δόγματα

263 1795 299 1846 ab
318 1795 455 1859 apostolis
474 1799 503 1845 et
523 1793 682 1846 senioribus
700 1793 749 1856 qni
767 1796 848 1843 erant
865 1793 906 1843 Ic·
951 1787 983 1841 τὰ
1021 1792 1152 1861 κεκριμένα
1192 1788 1240 1843 ίπδ
1276 1795 1326 1842 τῶν
1362 1788 1511 1845 ἀποστόλων
1552 1792 1594 1845 παὶ

262 1883 420 1947 rosoiymis.
443 1884 469 1933 5.
486 1882 521 1933 nt
540 1882 676 1933 ecclesiae
700 1880 814 1945 quidem
837 1893 905 1931 con-
951 1878 1118 1949 πρισδυτίριον
1145 1883 1197 1931 τῶν
1232 1877 1258 1932 ίν
1286 1875 1481 1951 Ἰεροσολύμοις.
1513 1885 1538 1935 5.
1568 1881 1594 1934 αἱ
1678 1876 1682 1884 ’

263 1971 448 2025 firmabantur
462 1970 532 2033 side,
549 1974 577 2021 et
591 1966 773 2020 abundabant
787 1981 905 2021 numero
951 1965 995 2037 μίν
1018 1961 1062 2019 οὖν
1089 1965 1217 2034 ἐκκλησίαι
1250 1965 1407 2037 ίστερεοῦντο
1437 1971 1470 2039 τῇ
1496 1969 1591 2037 πίστει,

263 2061 399 2125 quotidie.
950 2054 992 2111 acl
1009 2054 1165 2127 implacatior
1184 2060 1220 2129 τῷ
1237 2054 1334 2128 ἀριθμῷ
1351 2056 1406 2110 ταδ’
1425 2055 1530 2129 ῆρίραν.

298 2248 332 2298 Ιιι
350 2260 378 2296 ιι.
401 2246 434 2297 38
454 2247 477 2297 D
497 2261 542 2296 ουκ
559 2241 675 2297 ιόουλιτο
693 2241 812 2313 λογων...
828 2260 900 2315 ιργον
917 2261 976 2305 aro
993 2247 1149 2315 τπεριρίησαν
1165 2261 1254 2298 τουτον
1270 2262 1304 2315 ριη
1320 2262 1382 2298 ιιναι
1396 2261 1438 2298 συν
1453 2263 1544 2306 αυτσις.
1559 2249 1591 2299 ln

261 2350 289 2386 ν.
308 2336 341 2387 39
357 2336 380 2387 D
395 2350 451 2385 τοτε
467 2331 591 2402 βαρναίας
604 2330 754 2402 παραλαὸων
768 2350 812 2384 τον
825 2351 853 2403 ρι.
869 2330 987 2385 anieno
993 2348 1001 2397 ;
1017 2336 1071 2386 sim
1085 2337 1142 2400 gig.
1160 2334 1193 2385 ln
1204 2349 1232 2385 v.
1248 2334 1279 2386 ii
1293 2334 1347 2386 add
1357 2336 1381 2386 D
1391 2332 1540 2402 παραδιδους
1549 2352 1591 2394 τας

263 2420 365 2483 εντολας
384 2440 434 2474 τον
450 2419 631 2491 πρεσίυτερων,
653 2423 707 2473 sim
724 2424 775 2487 gig
788 2422 827 2487 ph
841 2419 907 2488 (mg)
920 2424 990 2487 vulg
1005 2420 1111 2489 (excipe
1130 2435 1175 2474 am
1193 2421 1253 2488 toi).
1271 2422 1304 2473 in
1324 2423 1383 2485 16,1
1407 2424 1430 2474 D
1445 2420 1551 2475 διελίων
1565 2421 1591 2473 δι

263 2529 294 2563 τα
308 2511 367 2576 ιίνη
378 2529 456 2563 ταυτα
468 2527 636 2577 κατηνπησεν,
652 2512 705 2562 sim
717 2511 755 2575 pb
772 2509 853 2576 (mg);
871 2509 988 2562 Cassiod
1003 2511 1051 2575 gig
1068 2512 1175 2562 etcum
1195 2512 1340 2563 circuisset
1358 2512 1487 2564 civitates
1504 2513 1590 2565 dove·

262 2604 313 2653 nit.
330 2607 363 2652 In
377 2615 404 2653 ν.
421 2603 435 2652 1
449 2604 471 2652 Ι)
484 2598 643 2668 διερχομινοι
652 2597 679 2649 δι
691 2614 734 2657 τας
743 2582 828 2657 πολιις
839 2613 973 2665 ικηρυσσσν
985 2614 1027 2649 παι
1036 2595 1198 2668 παριδοδοοαν
1208 2614 1289 2657 curor<
1298 2614 1361 2667 ματα
1369 2616 1449 2666 πασης
1457 2617 1592 2670 τταρρησιας

261 2705 305 2740 τσν
320 2707 404 2758 κυριον
421 2707 442 2738 ιν
458 2707 490 2758 χν
506 2705 559 2757 αμα
573 2686 751 2757 παραδιδοντις
760 2703 802 2737 aar
813 2703 856 2748 τας
868 2684 969 2748 ιντυλας
983 2703 1031 2739 των
1046 2694 1100 2752 etc,
1115 2690 1168 2740 sim
1181 2690 1220 2754 ph
1236 2686 1314 2755 (mg).

307 2896 345 2959 ln
357 2892 422 2958 hac
437 2888 704 2957 commoratione
715 2888 922 2956 antiochena
936 2887 1097 2957 accidisse
1111 2887 1200 2955 illud
1214 2886 1307 2978 quod
1324 2889 1396 2957 Gal.
1414 2894 1494 2971 ΞΜ
1513 2912 1586 2981 seq.

260 3003 435 3080 narratur,
450 2996 521 3063 iam
543 2994 653 3077 Reda,
671 2994 782 3062 δοίην.
807 2993 939 3085 aliique·
954 2994 1131 3063 adnotant.
1152 2997 1219 3060 Cur
1234 2998 1340 3062 Lucas
1358 2993 1397 3062 id
1418 2996 1584 3078 omiserit,

259 3104 369 3171 critici
384 3109 419 3170 et
431 3103 628 3192 vituperant
643 3108 676 3168 et
686 3100 878 3191 inquirunt.
897 3100 965 3168 Sed
978 3101 1125 3167 aureius
1139 3098 1190 3167 rei
1205 3100 1415 3168 mentionem
1434 3101 1587 3170 iaceret?

259 3210 359 3278 li'nlla
382 3210 513 3276 eratin
542 3207 699 3274 doctrina
721 3206 899 3290 dissensio,
920 3207 970 3273 uti
993 3227 1032 3272 er
1054 3204 1125 3274 Gal.
1148 3211 1220 3287 2,(1.
1251 3211 1292 3272 16
1316 3227 1387 3296 seq.
1412 3207 1588 3276 evidenter

259 3321 372 3408 patet3
395 3316 525 3406 pariter
541 3315 652 3381 clucet
676 3317 814 3380 Petrum
829 3311 930 3395 alias,
948 3311 1085 3401 quando
1104 3333 1174 3378 non
1191 3311 1373 3380 exsistebat
1390 3314 1521 3381 occasio
1536 3314 1587 3382 of·

257 3422 425 3490 tensionis
444 3421 666 3501 ludaeorum,
692 3446 708 3481 ιι
726 3419 903 3506 gentiliter
920 3417 1040 3485 rixisse
1063 3445 1098 3500 ν,
1125 3419 1222 3509 proin
1248 3420 1492 3487 commercium
1507 3442 1584 3488 cum

258 3527 440 3619 neophytis
456 3526 598 3594 omnino
611 3524 784 3594 habuisse.
806 3528 890 3591 Cum
907 3525 1024 3614 itaque
1040 3524 1118 3591 talis
1137 3525 1240 3592 luerit
1261 3547 1443 3593 consensus
1455 3532 1489 3594 et
1505 3526 1585 3594 doe·

259 3636 371 3702 trinae
387 3642 422 3701 et
452 3631 719 3700 conversationis
742 3630 834 3699 inter
852 3636 989 3698 Petrum
1014 3637 1048 3698 et
1064 3629 1227 3713 Paulum,
1251 3633 1357 3699 Lucas
1375 3653 1445 3699 non
1464 3631 1584 3701 debuit

260 3742 388 3809 referre
401 3761 463 3806 cur
477 3737 583 3806 semel
597 3738 633 3805 in
648 3737 825 3805 occasione
840 3735 920 3804 satis
932 3735 1064 3804 difficili
1074 3742 1193 3804 Petrus
1206 3744 1360 3805 censeret
1371 3739 1583 3827 parcendum

260 3869 330 3915 esse
350 3845 571 3937 praeiudiciis
587 3843 801 3927 ludaeorum,
819 3841 943 3911 Paulus
957 3865 1038 3911 vero
1055 3842 1218 3911 damnum
1232 3843 1413 3932 quoddam
1429 3846 1584 3936 neophy-

259 3960 374 4020 torum
395 3951 504 4018 averti
527 3950 652 4018 debere
672 3938 889 4018 existimaret.
914 3949 1037 4017 Paulus
1058 3949 1093 4016 id
1112 3956 1358 4017 commemorat
1380 3955 1500 4041 aptum
1519 3974 1583 4041 pro

260 4059 456 4127 Galatarum
477 4057 708 4137 institutione3
723 4056 759 4123 id
775 4056 811 4122 in
831 4054 975 4147 epistola
991 4055 1108 4124 scribit
1125 4058 1236 4143 magis
1251 4062 1288 4124 nt
1302 4078 1375 4124 rem
1394 4057 1580 4148 privatam3

261 4171 382 4246 Lucas,
398 4165 546 4254 scriptor
565 4184 699 4244 rerum,
720 4163 756 4230 id
777 4161 907 4244 omisit,
924 4161 1007 4253 quia
1026 4162 1072 4230 ad
1092 4183 1208 4230 rerum
1221 4184 1307 4254 quas
1325 4167 1449 4230 tractat
1463 4164 1583 4251 cogni·

259 4275 389 4341 tionem
400 4270 489 4337 nihil
497 4269 604 4337 addit.
621 4269 655 4335 Si
665 4274 780 4336 autem
802 4270 923 4337 Weiss.
935 4266 1109 4336 contendit
1123 4267 1214 4336 Petri
1225 4266 1468 4355 modoagendi
1480 4291 1581 4360 quem

258 4382 293 4448 in
315 4384 486 4446 conventu
512 4375 701 4445 observarit
717 4374 816 4464 plane
836 4373 969 4443 excludi
984 4374 1075 4443 illud
1094 4373 1186 4464 quod
1203 4374 1274 4440 Gal.
1299 4379 1380 4457 zib
1399 4376 1578 4458 referatur,

256 4489 368 4555 solum
385 4485 534 4554 ostendit
552 4507 587 4551 se
606 4481 746 4549 minime
765 4481 974 4573 perspexisse
992 4482 1130 4550 decreto
1149 4480 1212 4547 illo
1233 4480 1382 4570 pactiles
1409 4482 1519 4549 solum
1540 4481 1580 4549 li·
1607 4478 1612 4484 ’

255 4594 357 4662 beros
379 4593 547 4661 declarari
563 4613 583 4658 a
598 4590 683 4678 legis
698 4588 949 4658 observatione.
965 4593 1069 4657 Porro
1083 4588 1111 4655 si
1125 4588 1249 4655 Paulus
1263 4587 1398 4656 ludaeis
1414 4590 1520 4657 tactus
1532 4594 1581 4656 est

258 4701 414 4783 iudaeus,
433 4704 471 4768 ut
494 4697 634 4765 ludaeos
654 4694 871 4764 lucrifaceret
886 4696 920 4786 (1
944 4699 1017 4765 Cor.
1041 4696 1150 4781 aie),
1171 4717 1233 4763 cur
1248 4717 1319 4764 non
1337 4696 1441 4763 etiem
1465 4700 1581 4764 Petrus
