4092 5490
1043 427 1110 470 scr.
1136 412 1292 481 tate-39.
1773 419 1832 477 215

507 584 579 629 non
593 566 752 631 obstante
766 561 922 628 oratione
935 557 996 625 illa
1009 564 1108 640 15,13
1119 581 1191 650 seq.
1203 563 1219 625 ‘t
1234 584 1267 626 v.
1282 564 1325 628 35
1337 558 1470 626 Paulas
1479 572 1595 627 autem
1607 574 1639 628 et
1656 567 1831 635 Barnabas

506 668 773 738 demorabantur
782 662 986 732 Antiochiae
996 664 1152 733 docentes
1161 679 1194 734 et
1203 665 1478 758 euanpelizantes
1487 688 1566 733 cum
1579 665 1656 733 aliis
1663 668 1829 757 plurimis

506 779 645 845 verbam
656 769 798 839 Domini
802 791 817 853 ;
830 791 863 837 v.
880 776 923 838 36
933 785 1013 861 post
1023 771 1158 864 aliquot
1174 786 1289 841 uectem
1300 773 1389 859 dies,
1405 796 1474 841 nan
1494 773 1554 840 diu
1572 773 1690 863 itaque
1709 779 1829 843 Antio-

506 882 604 951 chiae
631 876 776 945 docebat
803 878 945 963 Paulus,
974 884 1157 970 postquam
1184 879 1282 948 ludas
1307 880 1412 964 abiit,
1439 879 1531 946 discit
1561 877 1610 948 ad
1630 882 1826 950 Barnabam

504 984 638 1055 Paulus
653 1004 666 1050 .·
681 996 885 1052 reuertentes
899 984 1076 1052 visitemus
1090 988 1217 1074 fratres
1231 1009 1299 1079 per
1318 988 1491 1055 uniuersas
1507 985 1678 1067 ciuitates,
1696 987 1733 1053 in
1749 991 1827 1077 qai-

505 1090 854 1183 baspraedicauimas
875 1089 1014 1157 verbam
1029 1090 1185 1180 Domini,
1207 1091 1376 1184 quomodo
1395 1115 1431 1161 se
1453 1093 1602 1161 babeant
1608 1114 1623 1177 ,·
1642 1116 1706 1183 pro
1733 1115 1828 1161 more

504 1199 579 1266 veri
590 1198 737 1291 apostoli
751 1195 1129 1265 tenatursollieitudine
1145 1199 1300 1268 omnium
1314 1199 1532 1267 ecelesiarum
1552 1202 1584 1286 (2
1596 1203 1672 1267 Cor.
1693 1207 1728 1268 11
1738 1206 1825 1287 ,tute

503 1304 610 1374 simul
627 1305 690 1372 scit
703 1324 765 1370 sue
781 1302 977 1392 praesentia
997 1303 1071 1369 tore
1095 1308 1134 1369 ut
1147 1303 1282 1394 aliquid
1305 1304 1437 1392 gratiae
1454 1303 1641 1394 spiritualis
1655 1305 1829 1373 tribuatur

503 1410 662 1479 fidelibus
679 1412 791 1499 (Rom.
808 1410 898 1495 1,11)
913 1412 1046 1500 etopus
1067 1430 1154 1491 esse,
1175 1415 1212 1478 ut
1230 1430 1314 1497 grex
1327 1409 1483 1479 visitetur
1505 1433 1526 1479 a
1544 1418 1702 1501 pastore,
1720 1417 1758 1478 ut
1776 1412 1828 1478 in·

502 1518 603 1584 firma
627 1514 830 1599 consolidet,
855 1520 997 1603 aegrota
1019 1522 1133 1600 sanet,
1160 1516 1335 1585 confracta
1354 1517 1490 1604 alliget,
1516 1517 1649 1586 abiecta
1663 1518 1824 1599 reducat,

502 1621 753 1713 quaeratqued
766 1620 919 1712 perierat
941 1625 1005 1709 (tiz.
1024 1623 1198 1714 3t,t.16).

545 1735 670 1798 Verum
686 1728 738 1797 ibi
758 1727 888 1796 exstitit
907 1727 1026 1818 aliqua
1043 1728 1262 1796 dissensionis
1281 1749 1381 1796 eausa
1395 1750 1426 1796 v.
1446 1734 1489 1795 37
1510 1731 1687 1796 barnabas
1710 1742 1825 1796 aretem

500 1836 634 1905 volebat
647 1856 762 1904 secam
783 1855 956 1903 assumere
970 1846 1005 1902 et
1017 1837 1181 1903 Ioannem
1191 1833 1255 1926 qui
1268 1833 1579 1926 capnominabatar
1592 1837 1745 1924 Marcus,
1765 1837 1826 1927 qui

501 1944 660 2011 eiuserat
677 1941 901 2010 consobrinus
917 1940 1001 2031 (Col.
1030 1941 1143 2032 t,10);
1160 1963 1192 2007 v.
1213 1948 1256 2012 38
1279 1941 1409 2010 Paulus
1432 1953 1549 2009 autem
1574 1944 1721 2031 ropabat
1748 1966 1824 2010 eum

499 2054 583 2134 ἠξίου
597 2051 742 2130 iustum,
760 2068 910 2137 aequum
929 2045 1095 2115 iudicavit
1119 2054 1153 2116 et
1176 2069 1386 2135 congruum,
1408 2061 1447 2115 at
1468 2048 1532 2137 qai
1550 2046 1757 2116 discessisset
1782 2049 1824 2116 ab

500 2156 549 2222 eis
570 2153 613 2221 de
627 2152 839 2244 Pamphylia
856 2158 955 2234 13,13
973 2182 988 2214 ι
1003 2152 1059 2220 vel
1073 2159 1167 2223 metu
1182 2154 1429 2244 persecutionis
1448 2153 1503 2220 vel
1517 2154 1601 2241 iuga
1624 2153 1752 2220 laboris
1773 2155 1825 2222 vel

499 2281 616 2328 amore
632 2260 751 2327 matris
767 2259 923 2347 degentis
940 2260 977 2326 in
1001 2260 1186 2327 ierusalem
1207 2258 1367 2350 »(Lap.),
1390 2270 1422 2326 et
1444 2281 1515 2327 non
1528 2259 1609 2327 isset
1630 2261 1768 2328 carcereis
1788 2261 1824 2326 iu

500 2388 602 2457 optes,
619 2389 689 2434 non
703 2364 823 2434 debere
845 2365 974 2456 recipi;
1000 2365 1118 2434 deesse
1141 2365 1255 2434 adhuc
1268 2365 1305 2433 in
1327 2387 1368 2433 eo
1392 2366 1498 2434 animi
1519 2366 1757 2435 fortitudinem
1784 2389 1825 2435 ac

499 2474 725 2542 constantiam
743 2476 778 2540 et
791 2471 901 2539 robur
914 2471 960 2539 ad
974 2471 1110 2541 labores
1122 2471 1321 2541 tolerandos
1339 2472 1462 2541 Paulus
1477 2473 1624 2555 censuit;
1643 2473 1714 2563 ipse
1730 2473 1823 2541 enim

498 2601 577 2647 cum
593 2584 680 2647 esset
694 2581 747 2646 vir
760 2583 863 2646 tenax
876 2579 1044 2669 propositi
1056 2585 1090 2646 et
1105 2579 1309 2646 fortissimae
1323 2579 1360 2646 in
1378 2579 1484 2647 rebus
1505 2579 1729 2669 exsequendis
1745 2603 1824 2647 con-

496 2686 642 2753 stantiae
654 2684 798 2752 minime
813 2684 961 2752 tolerare
975 2684 1090 2775 potuit
1110 2684 1259 2775 speciem
1277 2683 1527 2752 inconstantiae
1549 2690 1583 2751 et
1594 2685 1819 2766 infirmitatis;

499 2792 589 2861 unde
603 2813 683 2860 cum
696 2797 842 2881 uterque
861 2790 899 2858 in
920 2812 984 2858 sua
996 2796 1216 2881 permaneret
1229 2791 1415 2874 sententia,
1432 2812 1497 2882 pro
1513 2813 1582 2880 qua
1597 2792 1736 2882 utrique
1751 2815 1820 2859 non

497 2899 640 2967 deerant
654 2898 803 2965 rationes
817 2896 1016 2987 probabiles
1035 2920 1075 2965 ac
1089 2919 1211 2986 graves
1224 2920 1258 2965 v.
1275 2903 1317 2965 39
1339 2899 1435 2987 sacta
1456 2911 1505 2965 est
1520 2911 1637 2965 antem
1655 2898 1820 2966 dissensio

496 3011 703 3095 παρεξυσμὲς,
724 3003 925 3087 irritatio,e
947 3003 1145 3071 vehementi
1165 3003 1238 3072 scil.
1258 3002 1371 3071 studio
1396 3005 1469 3071 eius
1493 3004 1584 3095 quod
1614 3027 1703 3072 unus
1724 3028 1821 3072 secus

496 3118 600 3201 atque
618 3110 707 3179 alter
728 3108 840 3197 magis
853 3108 1015 3199 expedire
1030 3109 1245 3178 existimabat
1259 3108 1404 3199 (Pata),
1427 3116 1477 3177 est
1491 3109 1638 3178 irritatio
1655 3111 1732 3193 illa,
1752 3134 1821 3200 qua

496 3218 565 3286 diro
584 3223 644 3285 aut
669 3215 847 3284 intellectu
866 3221 927 3284 aut
950 3216 1146 3299 voluntate,
1168 3222 1228 3283 aut
1252 3221 1396 3307 utroque
1420 3217 1511 3284 inter
1532 3238 1568 3283 se
1595 3217 1816 3297 dissentiunt;

496 3324 620 3391 Paulus
642 3322 714 3390 zelo
738 3323 862 3390 ductus
887 3321 1038 3391 iustitiae
1062 3321 1230 3390 renuebat
1261 3324 1298 3389 in
1319 3344 1418 3391 suum
1444 3323 1643 3390 comitatum
1670 3329 1817 3391 Marcum

494 3453 566 3498 esse
580 3428 852 3510 admittendum
873 3427 1048 3496 barnabin
1062 3429 1135 3496 zelo
1148 3428 1423 3497 mansuetudinis
1438 3450 1479 3497 ac
1500 3429 1651 3497 lenitatis
1665 3431 1818 3497 consule-

494 3538 554 3605 bat
569 3558 641 3604 esse
660 3533 916 3625 recipiendum
933 3534 1078 3625 putabat
1102 3536 1194 3604 enim
1217 3535 1319 3603 aetati
1338 3556 1409 3603 esse
1432 3535 1565 3626 aliquid
1588 3538 1708 3604 veniae
1732 3539 1817 3604 dan·

493 3643 593 3726 dum,
611 3642 707 3734 quod
720 3641 786 3709 tire
800 3641 968 3710 molestiis
979 3643 1072 3709 inter
1089 3640 1189 3710 initia
1202 3642 1427 3710 succubuerat
1442 3641 1602 3733 (Salar.);
1622 3671 1639 3705 «
1659 3643 1731 3710 noli
1752 3645 1817 3711 hoc

493 3749 657 3818 delictum
673 3755 811 3839 putare;
830 3747 1011 3816 nonenim
1030 3748 1238 3816 commoveri
1256 3748 1385 3816 malum
1403 3757 1468 3832 est,
1492 3749 1552 3817 sed
1570 3749 1817 3817 irrationabili·

493 3862 556 3936 ter,
584 3856 750 3945 nulloque
774 3855 864 3922 iusto
888 3854 1066 3943 flagitante
1090 3855 1228 3942 negotio
1251 3855 1457 3923 commoveri
1486 3883 1502 3917 u
1532 3855 1672 3945 (Beda);
1696 3858 1745 3922 ito
1780 3868 1817 3922 at

493 3961 706 4030 discederent
719 3964 762 4029 ab
775 3960 935 4046 inuicem,
948 3974 983 4029 et
997 3960 1320 4052 Barnabaspaidem
1329 3964 1624 4053 assumptoblarco
1634 3962 1817 4051 reacipamt

495 4071 664 4161 Cypriam,
687 4066 748 4136 ubi
773 4068 846 4135 scil.
865 4068 940 4158 ipse
967 4067 1111 4159 Cyprius
1134 4089 1261 4157 genere
1289 4067 1411 4157 (t,3b),
1433 4067 1692 4159 praedicaverat
1715 4076 1813 4137 antea

493 4174 717 4265 (13,tseq.);
747 4175 812 4241 hae
837 4172 946 4261 igitur
972 4174 1134 4242 ecclesiae
1162 4175 1268 4243 etiam
1295 4173 1483 4243 visitandae
1507 4180 1618 4242 erant.
1647 4175 1814 4243 uissensio

491 4283 579 4350 lucta
591 4289 653 4366 est,
665 4303 736 4349 non
754 4279 937 4348 inimicitia
944 4302 1058 4371 neque
1074 4283 1246 4349 cententio
1263 4282 1332 4372 (aba
1347 4291 1440 4370 ἔχθρα
1453 4287 1521 4351 οὐδὲ
1536 4284 1725 4369 peierante),
1739 4283 1815 4371 plu·

492 4390 618 4457 rimum
637 4410 719 4457 vero
737 4391 845 4456 Marco
860 4386 1084 4478 pruiuithaec
1094 4408 1228 4478 pugna3
1245 4388 1340 4457 Pauli
1351 4409 1476 4477 nempe
1495 4388 1656 4455 severitas
1672 4409 1813 4454 cenver-

492 4496 533 4562 tit
550 4495 669 4577 illum3
690 4493 888 4584 benignitus
900 4500 1015 4562 autem
1032 4493 1208 4577 Barnabae
1222 4494 1302 4561 iecit
1316 4498 1406 4561 utne
1421 4493 1675 4585 relinqueretur
1692 4493 1809 4584 (abet.

490 4607 640 4670 Fortasse
669 4601 794 4670 Paulus
824 4600 904 4669 ideo
929 4622 1068 4692 quoque
1096 4600 1279 4670 discessum
1308 4601 1484 4670 Barnabae
1513 4623 1583 4668 non
1613 4601 1809 4690 impedivit,

489 4709 570 4802 quia
584 4708 643 4776 ille
664 4707 865 4777 Antiochiae
888 4730 959 4777 non
984 4708 1065 4775 satis
1086 4714 1297 4777 constantem
1326 4730 1361 4777 se
1386 4707 1598 4798 praestiterit
1621 4709 1655 4774 in
1679 4708 1811 4776 iuribus

490 4817 746 4907 neophytorum
776 4814 1005 4884 defendendis
1031 4814 1116 4904 (Gal.
1138 4815 1431 4906 ·2,13).Ceterum
1464 4815 1692 4883 irritationem
1715 4814 1811 4884 illam
