4128 5442
215 311 257 369 72
657 343 667 360 ·
753 329 829 375 aar.
849 315 992 389 idi-ii.

211 459 350 549 petistis
360 458 474 529 uirtem
488 461 694 530 homioidum
713 462 836 533 donari
848 463 958 546 vobis,
980 485 1013 528 v.
1033 468 1073 529 15
1089 472 1265 528 auctorem
1283 482 1362 527 uero
1380 458 1471 525 vitae
1492 459 1547 526 in-

212 563 403 655 terfecistis
419 589 499 635 eum
512 569 584 638 soil.
607 570 667 659 qui
681 591 797 635 veram
820 568 928 657 vitam
950 564 1103 650 largitur
1117 566 1259 654 eiusque
1275 587 1381 633 eausa
1399 568 1468 647 est,
1485 565 1547 653 qni
1605 572 1609 581 '

217 672 311 739 venit
329 680 369 740 ut
387 674 492 741 vitam
506 673 657 742 habeant
668 670 943 739 etabundantius
956 668 1127 748 habeant3
1141 671 1290 760 explieat
1300 671 1380 741 etr.
1398 694 1413 738 .·
1426 676 1548 738 auctor

217 777 309 847 vitae
324 787 375 847 est
392 779 453 870 qui
468 803 489 846 a
501 780 611 868 seipso
632 777 735 843 vitam
757 774 880 857 habet3
896 777 935 842 in
953 787 1020 842 eet.
1048 781 1168 843 auctor
1190 777 1283 843 vitae
1297 777 1439 860 dicitur,
1454 775 1548 868 'quia
1634 814 1637 819 >

214 907 282 974 per
296 907 376 952 eum
395 885 476 951 faeti
489 904 607 951 sumus
628 888 663 949 et
675 880 819 949 vivimus
838 886 871 948 et
884 902 1001 949 sumus
1009 874 1023 966 ,'
1041 881 1126 972 quia
1143 881 1218 971 ipse
1241 888 1292 949 est
1310 872 1426 952 sansa-
1438 883 1547 951 nostri

212 992 378 1078 'figmenti
397 995 432 1057 et
445 993 579 1054 creator
588 989 752 1055 omnium.
764 992 810 1055 lte
822 988 893 1055 vita
906 987 1059 1055 naturali
1075 994 1110 1056 et
1119 988 1262 1079 physica
1272 996 1395 1055 rocem
1410 1011 1482 1056 esse
1496 990 1549 1056 in·

215 1094 445 1182 telligendam
459 1092 568 1183 aliqui
583 1093 776 1162 existimant
791 1100 934 1184 propter
948 1082 1201 1183 oppositionem
1215 1094 1260 1161 ad
1276 1094 1390 1161 virum
1404 1093 1547 1163 homici-

212 1201 299 1268 dam
316 1198 451 1289 (lieet).
473 1199 539 1267 Sed
552 1221 630 1268 eum
647 1200 808 1292 loquatur
826 1199 869 1267 de
885 1198 1001 1268 Messio
1021 1220 1126 1289 quem
1141 1200 1406 1285 interfecerunt4
1422 1201 1466 1268 de
1485 1199 1548 1266 illa

212 1308 288 1379 'vita
308 1305 419 1373 solum
446 1307 590 1393 eogitari
602 1313 727 1396 potest,
745 1308 841 1375 euius
855 1301 977 1374 auctor
990 1310 1024 1374 et
1037 1305 1187 1392 largitor
1201 1312 1252 1374 est
1265 1298 1399 1376 liessias
1409 1309 1434 1375 i.
1452 1298 1482 1375 ei
1502 1305 1547 1373 de

183 1401 187 1409 ’
218 1412 291 1479 vita
306 1412 584 1502 supernaturali..
1020 1410 1023 1415 ’
1311 1430 1315 1441 ‘
1417 1406 1433 1433 ”
1537 1425 1540 1431 “

263 1522 387 1585 Verum
408 1524 495 1585 [teus
515 1519 594 1586 euni
614 1518 820 1606 glorifieavit
846 1539 855 1585 ε
880 1541 985 1608 quem
1011 1522 1103 1587 Detts
1126 1517 1353 1586 suscitavita
1379 1519 1543 1606 mortuis,

219 1624 321 1695 euius
335 1647 396 1691 nos
409 1636 506 1691 testes
519 1646 634 1691 somus
647 1630 681 1691 et
695 1625 761 1690 hoe
771 1622 1008 1692 testimonium
1018 1626 1134 1692 statim
1149 1625 1325 1715 praesenti
1338 1625 1547 1692 documento

218 1730 402 1798 consumat
413 1753 445 1799 v,
464 1736 504 1797 16
518 1743 551 1797 et
570 1730 608 1796 ira
618 1728 690 1819 fide
703 1728 853 1797 nominis
864 1729 942 1797 eius
955 1729 1049 1797 huuc
1061 1752 1163 1820 quem
1179 1752 1238 1797 vos
1252 1727 1390 1798 vidistis
1405 1739 1547 1820 θεωρεῖτε

221 1835 345 1930 videtis
358 1834 454 1926 ¹(gig)
474 1849 507 1903 et
527 1837 633 1903 nostis
649 1836 865 1927 confirmauit
878 1858 1005 1905 nomeu
1018 1836 1110 1920 eires,
1129 1837 1213 1928 quia
1231 1858 1295 1903 nos
1316 1836 1490 1904 oredimus
1508 1835 1546 1903 in
1620 1907 1626 1918 ,

221 1965 301 2010 eum
316 1948 494 2032 tamquam
512 1942 664 2010 liessia'm
678 1965 697 2010 e
711 1938 854 2011 mortuis
869 1943 1092 2026 suscitatum,
1113 1943 1332 2011 nomenoius
1348 1934 1546 2011 invooatum

221 2048 377 2132 anobis,
395 2050 502 2116 virtus
518 2050 620 2116 huius
635 2047 785 2116 nominis
804 2054 838 2115 et
851 2048 1007 2117 mandati
1021 2048 1087 2120 hoo
1109 2048 1253 2117 nomine
1268 2050 1439 2117 enuntiati
1454 2049 1548 2116 hune

222 2153 371 2221 restituit
383 2176 507 2222 sanum
517 2159 551 2222 et
562 2154 709 2222 firmum.
726 2155 860 2223 Nomen
878 2176 957 2223 eum
977 2146 1218 2237 confirmavit3
1235 2176 1317 2222 nam
1333 2154 1467 2222 dixerat
1487 2158 1549 2221 Pe·

223 2266 296 2326 trus
322 2281 330 2328 :
355 2259 552 2328 innomine
576 2264 650 2327 Iesu
678 2261 819 2329 ambula
843 2282 876 2329 v.
891 2268 942 2345 «⁶3
968 2261 1035 2328 hoo
1057 2266 1173 2349 autem
1202 2261 1277 2352 ipse
1299 2262 1419 2329 solum‘
1432 2250 1548 2328 dicere

222 2370 360 2455 poterat
376 2363 414 2431 in
423 2364 494 2455 fide
504 2364 653 2433 nominis
669 2365 761 2434 eius.
774 2369 857 2433 Cum
869 2364 939 2433 iam
952 2389 1016 2456 pro
1030 2365 1193 2434 Israelitis
1202 2372 1276 2434 tota
1288 2388 1365 2455 spes
1379 2365 1500 2433 salutis
1512 2365 1549 2432 in

223 2472 288 2538 hae
301 2470 369 2538 fide
385 2473 430 2539 sit
443 2471 604 2562 reposita,
618 2494 695 2539 oum
710 2472 865 2562 emphasi
879 2472 1064 2562 repetitur:
1076 2484 1109 2539 et
1119 2470 1210 2562 fides
1221 2494 1312 2561 quoe
1318 2493 1382 2561 per·
1394 2492 1474 2539 earm
1486 2464 1546 2553 est,

222 2578 308 2644 tides
320 2598 425 2667 quam
448 2578 521 2667 ipse
542 2577 645 2644 eiiioit
659 2583 693 2645 et
712 2578 870 2664 largitur,
893 2577 1052 2645 similiter
1074 2585 1090 2646 1
1116 2582 1301 2660 Petr.1,2i
1321 2597 1329 2645 :
1352 2579 1549 2667 peripsum

224 2682 342 2750 fideles
356 2683 439 2751 estis
457 2684 494 2750 in
506 2688 588 2767 lieo,
609 2682 706 2751 dedit
723 2684 896 2775 intepram
908 2684 1093 2751 sanitatem
1108 2685 1213 2752 istam
1226 2686 1263 2751 irs
1282 2695 1467 2774 omespeetu
1479 2705 1550 2750 om·

223 2790 321 2857 ru‘um
342 2802 510 2874 uestrum;
536 2794 626 2858 Iesus
646 2790 738 2859 hanc
757 2791 858 2859 nobis
881 2790 986 2858 fidem
1005 2791 1102 2859 dedit
1122 2798 1156 2858 et-
1180 2791 1246 2859 hse
1271 2791 1342 2858 fide
1363 2790 1445 2857 iussi
1469 2810 1550 2857 eum

224 2895 421 2978 ambulare;
439 2896 544 2974 unde,
560 2896 610 2963 uti
624 2896 747 2965 Christi
758 2897 913 2986 potentia
926 2906 961 2965 et
974 2897 1084 2964 virius
1095 2904 1147 2965 est
1159 2919 1264 2965 eausa
1279 2895 1441 2964 miraculi
1455 2895 1551 2986 prin·

223 3024 320 3092 ceps,
341 3003 389 3070 ita
414 3001 501 3069 fides
520 3001 611 3070 Petri
628 3007 701 3070 erat
724 3003 821 3092 qussi
834 3003 966 3071 occasio
984 3004 1039 3071 vel
1064 3025 1169 3072 eausa
1185 3002 1461 3071 instrumentalis
1481 3022 1551 3090 qua

224 3130 303 3175 usus
317 3115 368 3175 est
382 3108 533 3177 Christus
558 3107 603 3175 ad
626 3110 807 3176 sanitatem
824 3108 879 3176 illi
897 3108 1158 3177 conterendam.
1183 3113 1255 3176 lam
1285 3107 1482 3177 ostenditur
1496 3105 1550 3174 ei-

222 3214 341 3281 fioaeia
354 3213 452 3291 fidei,
469 3214 511 3281 de
525 3236 595 3304 qua
612 3214 762 3282 Christus
772 3214 905 3284 loeutus
919 3221 970 3283 est
984 3213 1111 3306 (iiatth.
1128 3221 1242 3297 17‚1a.
1260 3220 1339 3282 Luc.
1357 3216 1466 3301 1r‚6).

269 3320 490 3410 Expositioue'
500 3320 635 3388 sceleris
648 3343 705 3388 eos
721 3320 927 3411 perstrinxit,
942 3321 1197 3388 accusationem
1219 3341 1439 3409 summopere
1458 3317 1553 3387 arisit

226 3426 353 3493 virtuto
367 3433 401 3493 et
414 3425 527 3514 gloria
541 3431 615 3495 lesu
626 3424 815 3506 declarata3
832 3426 903 3493 iam
917 3448 1005 3516 quos
1028 3425 1193 3517 perculit,
1210 3446 1338 3512 magna
1353 3425 1506 3493 caritatis
1518 3429 1553 3492 et

227 3531 469 3602 consolationis
480 3531 687 3600 exhibitione
699 3533 803 3619 erigit
814 3555 846 3601 v.
862 3538 901 3599 17
912 3544 946 3598 et
957 3553 1062 3620 nune,
1074 3531 1112 3598 in
1127 3531 1195 3599 hae
1211 3552 1328 3598 rerum
1338 3531 1550 3611 conditione,

225 3638 370 3725 fratres,
392 3660 451 3705 eos
469 3637 666 3728 alloquitur,
684 3642 721 3705 ut
735 3658 770 3705 se
790 3637 931 3705 caritate
944 3638 1079 3705 sincera
1093 3635 1230 3726 impelli
1244 3637 1402 3705 ostendat
1413 3657 1554 3704 eorum-

232 3876 324 3940 quitur
345 3857 440 3927 ineam
461 3874 533 3940 priua
553 3875 642 3939 legisse
666 3873 775 3926 verbum
793 3887 848 3938 πῃ.)
861 3877 888 3927 et
900 3874 1033 3941 scripsisse
1049 3877 1187 3943 ιθαρυνατι
1200 3879 1227 3926 et
1245 3879 1334 3941 postea
1352 3835 1555 3940 deprehendisse

231 3977 288 4016 esse
302 3964 427 4027 seriptum
441 3974 497 4028 am
508 3964 683 4016 eteorrerlsse
695 3967 843 4031 ηρνησασθι.
855 3965 919 4016 Nam
928 3963 1067 4016 diversitas
1080 3964 1202 4016 lectionis
1214 3964 1291 4015 etiarn
1306 3963 1359 4015 alio
1374 3963 1453 4015 modo
1467 3963 1553 4029 expli·

231 4052 285 4103 eari
296 4057 395 4117 potest.
412 4052 497 4104 Facile
508 4052 576 4104 enim
590 4052 654 4104 iliud
667 4055 786 4116 repostis
803 4053 882 4104 alirul
895 4052 1055 4105 emendatori
1067 4054 1114 4119 qui
1129 4054 1266 4106 historiam
1282 4053 1410 4119 passionis
1425 4053 1555 4105 recolebat

232 4136 334 4193 poterat
354 4131 437 4183 rideri
454 4132 534 4183 moris
553 4135 617 4184 mite
632 4136 659 4183 et
676 4146 766 4198 parum
784 4131 817 4184 ad
837 4132 874 4184 rei
894 4132 1043 4194 veritatem
1058 4133 1127 4185 unde
1147 4134 1255 4186 verbum
1275 4133 1412 4185 substituit
1430 4133 1554 4198 orosius

232 4212 328 4264 Scribit
343 4211 418 4264 Beda
432 4227 466 4263 :r
480 4212 609 4270 Quaedam
626 4226 692 4278 quae
709 4213 736 4265 ln
755 4226 846 4277 grasso
865 4212 921 4265 sive
938 4211 1014 4265 aliter
1032 4228 1076 4265 seu
1097 4213 1158 4280 pios
1172 4215 1319 4265 autminus
1338 4214 1422 4277 posita
1441 4212 1555 4264 vidimus

234 4292 346 4344 breviter
365 4304 565 4344 eommeroorara
582 4294 739 4345 sumsimus.
753 4294 824 4351 Quae
841 4298 929 4344 utram
947 4292 1101 4358 affligentia
1121 4293 1275 4359 interpretis
1293 4294 1391 4345 omissa
1412 4293 1455 4346 rai
1476 4288 1554 4345 aliter

232 4373 310 4435 diota,
324 4386 359 4422 an
373 4371 472 4447 inepria
489 4370 652 4424 librariorum
670 4374 723 4441 sint
741 4372 879 4438 depravata
896 4372 950 4423 sive
969 4372 1075 4435 telleia,
1091 4372 1208 4425 noudum
1226 4375 1293 4425 seire
1312 4373 1555 4438 petrishusense

236 4452 387 4502 «nondum
402 4451 467 4502 seire
484 4451 613 4515 potuimus
631 4470 643 4500 a
663 4453 741 4504 etiam
763 4452 846 4504 critici
868 4451 970 4517 saepius
989 4466 1068 4518 quam
1088 4453 1176 4505 solent
1194 4452 1280 4505 dicere
1302 4451 1444 4513 dehebant,
1466 4453 1553 4506 oonsi-

235 4531 355 4583 derantes
368 4531 519 4597 pierumque
536 4531 569 4582 ad
587 4530 763 4584 declarandam
781 4533 923 4583 rarhntem
941 4531 1078 4585 lectionem
1097 4533 1185 4599 piures
1198 4532 1290 4586 oiierri
1303 4533 1400 4585 exitus.
1414 4534 1489 4599 Legit
1502 4539 1554 4587 Aa·

236 4614 362 4673 aestiuus
391 4610 434 4676 (de
448 4625 516 4677 pece
532 4626 594 4663 mer.
612 4612 652 4678 tt)
666 4612 838 4665 inhonorastis
851 4615 878 4663 et
892 4613 1013 4676 negastis.
1029 4613 1115 4665 Habes
1128 4612 1200 4679 quod
1212 4614 1291 4667 modo
1305 4614 1361 4665 dixi
1374 4631 1380 4665 ι
1395 4614 1481 4666 risum
1497 4627 1554 4667 esse

234 4690 300 4742 illud
314 4694 433 4756 ereqeatts
448 4705 538 4765 parum
552 4690 646 4753 disere3
662 4691 728 4743 unde
742 4692 834 4744 iactam
848 4704 904 4743 esse
915 4693 1134 4745 emendationem.
