4128 5442
990 331 1029 376 os
1050 330 1148 376 raxrv
1168 330 1300 376 acruuu.
1767 316 1805 374 17

472 483 591 554 ‘usque
617 464 662 532 ad
686 462 821 554 finem),
847 463 954 532 codex
976 462 1117 553 quidam
1140 462 1267 528 latinus
1295 460 1552 550 palimpsestus,
1579 463 1803 546 floriacensis,

470 573 680 659 „fragmenta
693 570 868 660 quaedam
881 569 1079 650 continens,
1101 567 1196 633 ouius
1210 587 1289 633 cum
1304 570 1398 634 textu
1418 567 1607 657 Cyprianus
1626 568 1807 659 episeopus

483 675 772 765 carthaginiensis
795 697 989 764 congruere
1009 671 1296 763 deprehenditur;
1319 674 1402 741 item
1425 673 1462 741 in
1488 672 1664 764 aliquibus
1687 680 1807 763 Augu·

481 785 609 863 stinus3
629 782 734 851 codex
752 804 897 873 graecus
922 803 958 848 n.
984 786 1047 848 137
1070 778 1244 867 signatus,
1266 780 1374 847 versio
1392 781 1524 868 syriaca
1545 780 1804 871 philoxeniana,

482 888 656 972 sahidiea,
676 890 787 959 versio
802 888 864 956 illa
881 887 990 955 latina
1009 907 1114 977 quam
1143 885 1286 976 praebet
1301 913 1318 948 «
1338 885 1441 974 gigas
1460 886 1629 955 librorum
1651 915 1667 947 »
1687 886 1809 975 (edidit

481 995 669 1081 Belsheim,
687 992 1020 1085 christianismus),
1041 993 1150 1061 codex
1163 991 1345 1060 laudianus
1359 996 1394 1076 Ε,
1417 993 1558 1084 eiusque
1573 994 1683 1060 versio
1699 993 1809 1061 latina

482 1107 843 1193 e,1renaeusquoque
860 1105 894 1167 et
908 1100 1043 1168 Lucifer
1061 1099 1269 1167 caralitanus
1280 1121 1345 1189 pro
1363 1098 1537 1188 aliquibus
1554 1099 1637 1167 locis
1655 1099 1699 1166 ad
1717 1099 1808 1167 hanc

481 1209 625 1279 classem
638 1209 825 1298 pertinent.
844 1209 960 1297 Neque
980 1213 1097 1275 tamen
1116 1227 1234 1273 omnes
1256 1205 1294 1272 hi
1309 1210 1412 1273 testes
1427 1207 1542 1273 omnia
1565 1206 1686 1274 eodem
1706 1204 1808 1274 modo

481 1315 650 1398 alterurn
663 1314 761 1404 apud
784 1312 919 1404 aliquos
940 1334 1051 1404 pauca
1074 1312 1184 1380 solum
1206 1311 1426 1403 reperiuntur
1446 1310 1653 1400 siugularia3
1668 1313 1808 1404 saepius

481 1443 572 1488 unus
589 1419 646 1489 vel
661 1419 732 1488 duo
746 1419 919 1512 praebent
930 1418 1115 1487 lectionem
1133 1417 1343 1504 singularem
1359 1417 1436 1486 aliis
1458 1417 1652 1487 tacentibus
1675 1419 1729 1486 vel
1748 1419 1808 1487 de·

481 1526 691 1596 ficientibus.
708 1527 895 1616 Praecipua
909 1524 964 1613 vel
979 1546 1067 1615 quae
1082 1524 1226 1593 alicuius
1241 1523 1407 1592 momenti
1426 1546 1496 1592 esse
1515 1525 1732 1607 videbantur,
1747 1524 1808 1593 ad·

481 1633 599 1702 notavi
616 1633 672 1701 vel
688 1632 781 1701 inter
795 1631 959 1700 lectiones
973 1632 1144 1699 variantes
1164 1631 1218 1699 vel
1232 1632 1268 1699 in
1287 1631 1544 1700 commentario.

525 1743 563 1807 ln
595 1738 662 1807 hoc
691 1738 876 1808 discrimen
909 1744 1018 1806 textus
1050 1742 1207 1806 accurate
1243 1737 1419 1828 inquisivit
1453 1737 1550 1807 Blass
1585 1738 1681 1828 (edit.
1719 1739 1806 1831 phil.

478 1870 515 1938 p.
531 1853 574 1916 st
589 1845 678 1937 seq.)
691 1851 725 1915 et
741 1851 874 1914 tantam
892 1844 1025 1913 invenit
1039 1843 1287 1926 diversitatem,
1304 1849 1343 1912 ut
1355 1845 1482 1912 scribat
1503 1867 1511 1913 :
1534 1873 1551 1908 <t
1567 1845 1711 1914 interest
1726 1869 1808 1915 sane

477 1951 627 2021 multum
641 1953 734 2020 inter
750 1958 935 2041 utrumque
949 1972 1075 2039 genus,
1092 1955 1131 2018 ut
1148 1951 1376 2018 necessarium
1399 1951 1444 2018 sit
1461 1952 1547 2019 duas
1567 1957 1731 2020 Actorum
1754 1975 1809 2020 re·

477 2058 657 2128 censiones
679 2062 847 2146 statuere,
870 2058 1014 2126 alteram
1033 2056 1150 2147 paullo
1167 2057 1406 2147 prolixiorem,
1424 2057 1569 2126 alteram
1591 2059 1805 2143 breviorem,
1918 2046 1921 2052 ¹

479 2165 622 2234 alteram
635 2164 808 2256 plerisque
822 2187 895 2232 non
911 2165 992 2232 sutis
1010 2170 1144 2246 notam,
1162 2163 1306 2231 alteram
1324 2163 1463 2254 quaein
1477 2165 1630 2233 omnium
1647 2165 1809 2234 manibus

478 2275 522 2340 sit
538 2299 568 2339 v.
585 2276 626 2339 Et
638 2270 706 2339 alio
724 2271 801 2339 loco
825 2294 834 2341 ε
857 2298 873 2333 «
890 2292 968 2339 cum
983 2269 1078 2347 enim
1096 2270 1313 2338 manifestum
1334 2273 1393 2352 sit,
1412 2270 1494 2338 bina
1512 2293 1631 2339 eorum
1652 2273 1809 2363 exempla
1888 2315 1892 2324 ·
1910 2352 1914 2360 Ι

479 2399 589 2469 paene
613 2378 658 2446 ab
681 2377 780 2446 initio
804 2376 925 2460 fuisse,
951 2376 1097 2444 alterum
1121 2377 1212 2466 quod
1236 2378 1386 2466 primum
1410 2382 1515 2445 Lucas
1540 2381 1806 2469 conscripserat,

479 2485 627 2552 alterum
638 2491 890 2576 perpurgatum
900 2482 994 2575 quod
1005 2482 1193 2573 Theophilo
1206 2483 1396 2551 miserat-
1406 2484 1471 2550 hoc
1481 2490 1641 2552 Actorum
1656 2487 1808 2576 primum

480 2589 669 2680 exemplar,
692 2596 873 2682 postquam
900 2594 1028 2657 ltomae
1053 2590 1246 2657 contectum
1275 2597 1340 2672 est,
1364 2590 1419 2657 vel
1449 2592 1574 2657 mansit
1598 2591 1729 2660 ibidem
1752 2592 1807 2660 vel

481 2695 679 2764 Christianis
707 2697 860 2765 romanis
880 2695 925 2764 ab
949 2702 1088 2764 auctore
1111 2695 1156 2761 ad
1179 2694 1441 2763 describendum
1461 2697 1720 2767 commodatum
1744 2705 1805 2767 est.

479 2802 595 2872 Altera
611 2808 727 2871 autem
746 2804 876 2883 forma,
898 2801 988 2869 hanc
1008 2801 1186 2887 vulgatam
1206 2801 1299 2882 dieo,
1317 2803 1462 2869 Orientis
1476 2802 1521 2869 ab
1534 2803 1634 2872 initio
1647 2804 1730 2886 fuit,
1747 2806 1808 2874 ubi

479 2908 710 2999 Theophilum
725 2908 824 2976 illum
845 2908 966 2977 vixisse
987 2913 1022 2975 et
1042 2914 1172 2975 veteres
1188 2915 1394 2998 putaverunt
1409 2915 1443 2977 et
1462 2932 1529 2997 ego
1548 2916 1633 2999 puto
1656 2939 1686 2979 ».
1710 2913 1807 3000 (Aeta

480 3015 731 3106 apostolorum,
759 3013 948 3083 secundum
981 3013 1127 3080 formam
1162 3036 1249 3103 quae
1283 3013 1420 3083 videtur
1445 3037 1641 3097 romanam,
1675 3017 1808 3108 Lipsiae

482 3126 569 3190 1896
588 3144 624 3211 p.
646 3122 727 3211 Vll).
746 3120 942 3189 Secundum
966 3120 1055 3187 hane
1076 3120 1279 3187 sententiam
1300 3125 1405 3188 Lucas
1423 3121 1520 3210 prius
1540 3122 1676 3212 scripsit
1696 3145 1810 3191 oxom-

481 3227 560 3318 plar
572 3225 662 3295 illud
678 3226 862 3319 prolixius,
880 3225 1091 3317 quandoque
1111 3228 1223 3293 minus
1246 3226 1470 3316 perpolitum,
1492 3228 1589 3296 cuius
1611 3232 1720 3297 torma
1734 3253 1809 3298 cer-

481 3332 627 3403 niturin
645 3339 671 3401 l)
686 3332 850 3424 aliisque;
867 3354 985 3401 verum
1007 3332 1196 3421 Theophila
1214 3333 1303 3399 misit
1321 3335 1495 3424 exemplar
1514 3335 1660 3403 alterum
1676 3336 1713 3404 in
1735 3337 1811 3428 plu·

481 3438 746 3522 ribusbrevius‚
759 3440 795 3507 iu
808 3438 1085 3527 generedicendi
1101 3438 1304 3525 castigatum
1321 3442 1431 3528 magis
1442 3449 1474 3507 et
1491 3441 1696 3531 expolitum,
1711 3443 1810 3512 cuius

481 3547 629 3616 formam
650 3546 821 3636 praebent
841 3545 975 3613 codices
992 3543 1150 3635 plerique
1171 3552 1205 3612 et
1229 3545 1409 3613 versiones.
1432 3552 1469 3614 Et
1491 3547 1586 3615 Blass
1600 3549 1741 3640 quidem
1755 3551 1811 3618 in·

481 3653 567 3720 time
586 3673 788 3743 persuasum
807 3651 913 3720 habet
931 3652 1027 3719 illam
1042 3652 1218 3740 utriusque
1236 3652 1365 3719 formae
1380 3652 1611 3722 diversitatem
1626 3656 1726 3724 aliter
1740 3680 1811 3726 non

482 3779 581 3849 posse
601 3757 784 3849 explicari,
802 3753 872 3826 nisi
889 3764 926 3827 ut
940 3757 1076 3825 dicatur
1089 3778 1163 3825 eam
1179 3759 1367 3847 prolectam
1387 3782 1457 3828 csse
1476 3762 1520 3829 ab
1541 3762 1617 3852 ipso
1639 3771 1777 3832 auctore
1800 3788 1808 3834 :

483 3891 501 3926 κ
529 3885 621 3952 nego
647 3863 798 3956 potuisse
823 3885 1032 3954 quemquam
1060 3864 1118 3953 qui
1143 3886 1163 3930 a
1191 3864 1292 3931 rebus
1319 3864 1387 3933 illis
1413 3866 1544 3935 alienus
1571 3878 1658 3937 osset
1683 3871 1811 3939 addere
1884 3932 1887 3936 A

482 3991 574 4061 qnae
597 3991 668 4038 non
691 3969 811 4061 paucis
836 3968 919 4038 locis
940 3969 978 4037 in
1001 3977 1019 4053 β
1045 3971 1106 4057 (ita
1130 3970 1279 4060 priorem
1300 3972 1447 4040 formam
1468 3973 1641 4062 designat,
1664 4008 1682 4047 α
1701 3983 1812 4046 textus

482 4077 633 4145 formam
648 4074 822 4164 udtatam)
839 4099 879 4144 ex
892 4078 1015 4146 intima
1034 4097 1150 4144 rerum
1165 4077 1357 4165 cognitione
1372 4078 1490 4147 addita
1503 4090 1582 4148 sunt
1598 4110 1614 4145 a
1631 4082 1701 4172 (ed.
1718 4083 1808 4176 phil.

482 4205 517 4274 p.
537 4185 604 4269 st).

527 4293 646 4380 Neque
658 4289 783 4359 desunt
801 4289 863 4380 qui
877 4288 953 4359 eius
967 4292 1173 4359 sententium
1189 4291 1409 4382 adoptarunt.
1428 4300 1475 4363 lta
1487 4318 1564 4365 eam
1582 4300 1723 4369 omnino
1747 4325 1811 4394 ap-

483 4394 610 4487 probat
632 4401 666 4465 et
679 4395 885 4487 quibusdem
906 4397 1120 4485 argumentis
1139 4399 1288 4466 excoluit
1301 4400 1425 4486 seties,
1444 4403 1598 4492 Beitrttge
1612 4429 1675 4473 zur
1690 4408 1811 4476 Erkla-
1874 4430 1878 4435 ·

346 4549 350 4557 .
480 4522 577 4590 rung
594 4501 658 4570 der
675 4504 854 4595 Apostelg.
871 4504 1038 4592 Freiburg
1054 4506 1077 4571 i.
1092 4510 1147 4573 Br.
1170 4512 1272 4589 18973
1293 4507 1376 4575 item
1392 4509 1523 4595 Nereia,
1546 4512 1717 4598 locatim,
1736 4514 1808 4583 alii.

484 4607 537 4677 hd
548 4629 656 4698 quam
669 4610 874 4678 sententiam
886 4610 1094 4680 firmandam
1115 4619 1322 4682 monuerunt
1338 4615 1431 4684 haud
1448 4616 1637 4686 desiderari
1652 4621 1810 4713 exempla

483 4713 553 4783 aliu
574 4712 725 4806 duplicis
745 4716 890 4786 alicuius
910 4717 1029 4809 scripti
1050 4718 1228 4803 editionis3
1244 4719 1293 4789 ita
1309 4719 1482 4812 duplicem
1503 4726 1736 4796 roeensionem
1757 4750 1814 4798 rc-

865 4846 1062 4886 [sancitum.
1079 4861 1112 4872 -
1127 4847 1154 4886 ut
1170 4848 1249 4886 ACTUS
1266 4849 1352 4888 trost.
1369 4864 1401 4875 ·-
1417 4845 1431 4889 ἲ
