4010 5474
1059 354 1128 398 ιω.
1151 338 1233 408 eei.
1615 310 1622 319 “
1749 333 1807 396 eri

484 510 594 550 morum
612 500 797 564 aPiriiippis‚
820 501 849 547 et
870 495 998 545 venimus
1019 492 1055 543 ad
1076 503 1125 542 eos
1170 489 1219 539 τῶν
1259 484 1359 556 ἀζύμων
1392 482 1441 538 dre
1481 484 1626 554 Φιλίππων,
1654 483 1697 538 ael
1727 483 1809 551 ἤλθο-

435 616 437 619 -
465 586 622 640 'troadem
641 590 670 638 in
686 586 786 636 diebus
800 584 939 646 quinque,
960 581 1008 632 ubi
1027 580 1125 632 demo·
1163 588 1213 645 ’μεν
1243 572 1302 645 τρθς
1333 571 1419 634 αὐτοὺς
1454 570 1487 634 εἰς
1520 570 1565 637 τὴν
1604 573 1711 645 Τρῳάδα
1747 570 1810 645 ἄχρι

484 677 538 728 rati
552 688 649 727 sumus
664 672 763 723 diebus
777 674 895 734 septem.
1169 660 1267 734 ἡμερῶν
1311 664 1400 731 πέντε,
1437 655 1466 713 ot
1516 659 1673 732 διετρίψαμεν
1715 658 1810 731 ἡμέρας

521 764 547 814 7.
570 762 633 811 Una
657 762 752 810 autem
775 758 884 810 sabbati
910 772 998 824 quum
1020 771 1125 810 conre-
1170 751 1242 807 ἑπτά.

483 842 634 900 εεθεεοιεεοε
646 847 682 898 ad
702 846 890 912 irangendurn
910 860 1028 913 penem,
1049 847 1125 898 Peu-
1205 844 1231 894 7.
1250 841 1296 893 Ἐν
1314 838 1341 893 et
1363 843 1395 911 τῇ
1418 840 1464 910 μιᾷ
1480 843 1530 893 τῶν
1549 836 1693 906 caeterae,
1712 853 1809 906 σννηγ·

483 937 530 989 lua
563 935 725 1001 disputabat
757 950 820 989 cum
858 938 914 998 eis,
948 934 1125 1001 proiecturus
1170 929 1251 1000 μίνων
1272 927 1344 998 ἡμῶν
1371 926 1462 980 αλθσαι
1488 925 1605 997 spere
1629 925 1732 987 Παῦλος
1757 924 1810 978 διε·

484 1025 514 1074 in
538 1024 707 1087 erastinum,
740 1025 935 1090 protraxitque
965 1033 1126 1073 sermonem
1169 1015 1258 1085 λθγετο
1289 1013 1385 1084 αθτοΐς,
1416 1014 1516 1087 μέλλων
1544 1012 1632 1076 θξιθναι
1665 1015 1698 1084 τῇ
1733 1010 1810 1066 θεαθ-

397 1148 400 1154 ι
483 1114 615 1177 usquein
623 1114 744 1166 mediam
757 1111 917 1165 noctem&
933 1110 1124 1161 Erantautem
1171 1124 1234 1176 ρεον,
1259 1105 1396 1176 παρέτεινέν
1422 1122 1448 1157 τε
1477 1103 1521 1157 τὸν
1549 1102 1630 1174 λόγον
1660 1103 1737 1173 μθχρε
1763 1119 1811 1171 με·
1865 1160 1871 1170 γ

484 1201 634 1267 lampades
644 1203 775 1266 copiosae
789 1201 819 1250 in
831 1199 985 1250 coenaculo
999 1197 1047 1250 ubi
1061 1210 1125 1249 era·
1170 1193 1306 1248 σοννατθοο·
1340 1197 1368 1248 8.
1399 1187 1462 1260 ἦσαν
1498 1192 1525 1246 δὲ
1564 1191 1695 1262 λαμπάδες
1727 1188 1813 1242 traval

485 1287 548 1341 mus
573 1290 747 1353 congregati.
769 1288 796 1339 9.
813 1286 921 1339 Sedens
945 1290 1040 1338 autem
1061 1286 1125 1351 qul·
1170 1282 1197 1335 tv
1230 1287 1266 1353 τῷ
1296 1280 1399 1353 tripete
1428 1279 1457 1333 cd
1488 1275 1549 1353 ἦμεν
1586 1279 1747 1350 σονηγρθνσι.
1783 1280 1810 1332 9.

484 1376 551 1429 dam
569 1376 735 1427 adolescens
754 1378 868 1427 nomine
882 1374 1027 1439 Eutychus
1041 1386 1127 1440 super
1170 1368 1334 1442 καθεζόμενος
1363 1369 1391 1422 δέ
1419 1387 1455 1431 τις
1486 1367 1583 1431 νεανίας
1613 1366 1723 1438 tropea
1760 1364 1812 1417 Ed-

484 1464 650 1525 tenestrem,
687 1476 775 1528 quum
813 1465 989 1529 mergeretur
1026 1475 1127 1515 somno
1171 1476 1246 1532 τυχος
1263 1457 1303 1513 ee
1319 1462 1363 1525 τῆς
1390 1458 1498 1528 tepere,
1518 1457 1716 1527 καταφερόμενος
1742 1453 1813 1526 ὕπνῳ

485 1553 575 1617 gravi,
587 1551 746 1617 disputante
756 1552 804 1604 diu
813 1553 911 1614 Paulo,
921 1552 1127 1604 ductussomno
1172 1546 1258 1618 βαθεῖ,
1302 1543 1483 1619 θεαλεγσρθνον
1528 1548 1572 1599 τοῦ
1622 1543 1723 1596 Παύλου
1774 1542 1817 1596 ἐπὶ

485 1639 586 1692 cecidit
603 1640 639 1691 de
659 1643 740 1692 tertio
764 1640 1083 1713 coenaculo-deorsum,
1099 1645 1128 1691 et
1171 1634 1268 1701 τλιῖσν,
1297 1634 1452 1708 κατενεχθεὶς
1480 1632 1529 1688 ἀπὸ
1560 1636 1605 1687 τοῦ
1640 1632 1728 1698 θανον,
1754 1630 1813 1685 ἔτε-

485 1727 613 1781 sublatus
627 1731 670 1780 est
684 1731 821 1781 mortuus.
836 1728 878 1780 10.
891 1727 934 1779 Ad
945 1740 1030 1793 quem
1040 1740 1127 1792 quum
1171 1743 1213 1778 σεν
1241 1723 1290 1778 ἀπὸ
1319 1726 1362 1778 τοῦ
1397 1723 1524 1795 τριστ1γον
1563 1722 1642 1790 κάτω,
1669 1721 1713 1775 καὶ
1746 1718 1811 1792 ἤρθη

486 1816 677 1869 descendisset
689 1817 804 1879 Paulus,
814 1816 941 1868 incubuit
950 1828 1036 1882 super
1046 1829 1125 1877 eum;
1172 1814 1264 1885 νειιρθς.
1298 1816 1340 1869 10.
1366 1809 1474 1874 matta
1504 1808 1532 1864 at
1556 1809 1571 1863 t
1593 1809 1695 1871 Παῦλος
1721 1808 1812 1863 trdus·

468 1906 515 1958 'et
546 1906 709 1969 complexus
741 1904 811 1955 dixit
837 1919 845 1957 z
872 1904 967 1957 Nolite
995 1904 1125 1956 turbari:
1172 1919 1214 1955 οεν
1245 1899 1326 1973 οὖτῷ,
1356 1900 1399 1954 καλ
1434 1897 1626 1972 adampliatus
1658 1896 1741 1965 elma,
1767 1894 1811 1963 iii

486 1994 582 2045 enims
614 1995 690 2044 enirn
721 1994 810 2058 ipsius
843 1995 872 2044 in
902 1995 966 2058 ipso
997 1997 1051 2046 est.
1083 1993 1126 2044 11.
1173 1988 1323 2062 θνρνθεῖσθε·
1353 1988 1369 2057 θ]
1400 1988 1449 2062 γὰρ
1479 1986 1546 2062 teil
1580 1985 1656 2042 stret
1686 1984 1711 2040 is
1742 1984 1813 2056 αθτῷ

419 2076 448 2083 ”
487 2080 652 2134 decendens
668 2083 765 2132 autem
779 2118 786 2144 ‚
802 2081 994 2146 frangensque
1012 2094 1125 2147 panem,
1172 2077 1248 2133 teris.
1280 2082 1322 2134 11.
1353 2076 1447 2140 εἰναθθς
1473 2075 1501 2131 ei
1538 2075 1632 2137 τελέσας
1662 2073 1707 2130 τὸν
1734 2074 1812 2144 ἄρτον

487 2168 516 2219 et
533 2169 665 2232 gustans,
680 2152 808 2234 satisque
831 2168 972 2220 allocutus
992 2170 1127 2234 usquein
1172 2165 1215 2219 καλ
1240 2166 1404 2239 γευσάμενος,
1432 2162 1472 2236 tp’
1496 2164 1584 2219 θαανθν
1611 2182 1640 2218 τε
1667 2161 1811 2235 θμιλνίσας,

486 2254 591 2317 lucem,
612 2257 654 2308 sie
679 2255 821 2322 proiectus
847 2263 899 2309 est.
928 2257 968 2309 ie.
995 2256 1128 2310 Adduxe·
1172 2254 1232 2327 ἄγρα
1255 2254 1343 2327 αὐγῆς,
1363 2253 1440 2318 οθτως
1464 2251 1576 2323 θῆλθεν.
1599 2256 1642 2309 12.
1661 2249 1761 2325 ἤγαγον
1784 2249 1813 2305 ei

486 2349 553 2396 runt
567 2348 660 2397 eutem
675 2359 792 2411 puerum
805 2347 963 2408 viventem,
980 2350 1009 2398 et
1027 2359 1129 2399 conso·
1172 2343 1217 2397 τθν
1243 2344 1319 2398 ratde
1351 2346 1447 2415 ζῶντα,
1481 2343 1524 2397 καὶ
1555 2339 1748 2413 παρεκλήθησαν
1783 2337 1813 2393 σθ

487 2432 537 2484 lati
550 2436 617 2485 sunt
630 2447 688 2485 uon
703 2436 827 2486 minime.
1174 2432 1286 2504 μετρίως.

524 2680 556 2732 In
570 2694 598 2730 ν.
613 2681 622 2732 1
642 2681 716 2732 Deru
728 2676 812 2731 πολλα
823 2675 1008 2749 παρακαλεσας.
1022 2680 1055 2732 In
1069 2695 1096 2732 v.
1113 2681 1130 2732 θ
1144 2683 1168 2733 D
1180 2697 1260 2735 ποντα
1273 2697 1304 2732 τα
1317 2697 1389 2751 μερη.
1404 2681 1437 2733 Iu
1448 2696 1476 2733 v.
1491 2680 1506 2733 3
1518 2682 1540 2733 D
1552 2682 1590 2746 pn
1603 2677 1674 2750 (mg)
1688 2676 1814 2747 ηθελεγοεν

487 2766 628 2837 αναχθηναι
644 2784 677 2828 εις
691 2784 785 2837 σωρεαν·
803 2785 871 2820 ειπεν
882 2767 910 2821 tr
923 2785 954 2820 το
965 2786 1063 2838 πνεομα
1077 2784 1145 2820 auru
1158 2786 1315 2839 νεεοστρερειν
1330 2768 1370 2821 dea
1384 2786 1427 2835 της
1440 2768 1598 2839 putarim
1615 2771 1665 2836 gig
1679 2768 1751 2823 dlxii
1770 2770 1815 2821 iili

487 2857 603 2922 spiritus
614 2861 646 2908 ut
660 2858 763 2910 rediret
778 2871 829 2922 pet·
842 2857 946 2910 Maced.
964 2857 998 2909 Iu
1009 2872 1036 2909 v.
1055 2857 1070 2908 i
1086 2859 1109 2909 D
1123 2859 1163 2924 pli
1179 2858 1248 2924 (mg)
1264 2855 1399 2927 μελλοντος
1412 2875 1455 2909 οον
1469 2854 1557 2919 εξεεναε
1574 2873 1660 2921 sumu,
1674 2858 1730 2911 sdd
1746 2862 1815 2924 post

488 2959 555 2996 αοτω
573 2960 633 3014 αγρι
646 2945 773 3010 τηςλσιας
788 2945 961 2998 inuiis?
974 2948 1004 2998 ai
1018 2946 1077 2998 iere
1095 2959 1162 2999 oron
1176 2960 1224 3012 syr
1238 2949 1276 3013 pia
1296 2960 1356 2999 ετεεε
1375 2947 1433 3001 chr
1446 2950 1510 3013 qim
1529 2959 1582 3013 pro
1598 2962 1698 2999 ασεανοι
1712 2948 1737 3000 D
1758 2948 1812 2999 sah

488 3048 591 3102 ερεσιοι,
607 3036 646 3099 ph
662 3033 726 3100 (mg)
743 3046 779 3085 ex
794 3036 863 3086 Asia
876 3033 1002 3100 Ephesii.
1019 3033 1053 3087 In
1066 3048 1094 3086 ν.
1113 3035 1129 3088 7
1146 3036 1195 3101 gig
1208 3035 1367 3101 disputabat
1385 3037 1442 3088 iliis
1458 3039 1487 3089 et
1502 3035 1688 3088 confirmabat
1700 3036 1814 3088 suturas

488 3134 596 3175 eorum.
615 3122 647 3173 in
661 3135 689 3173 ν.
705 3123 720 3174 9
740 3123 762 3173 1)
779 3138 946 3190 ιατιχομινσς
955 3139 1022 3174 cm
1036 3125 1086 3188 gig
1096 3135 1211 3188 pressus
1227 3136 1359 3176 somno...
1373 3123 1532 3190 disputante
1547 3123 1636 3177 Paulo
1647 3123 1813 3190 perplexius

488 3210 625 3263 deductus
643 3223 660 3261 a
681 3209 805 3262 tenestrs
828 3210 929 3263 cecidit
941 3209 988 3281 ‘de
1011 3213 1139 3277 tristego.
1161 3211 1194 3263 ln
1213 3226 1242 3263 ν.
1265 3212 1297 3264 it
1315 3213 1413 3278 incipit
1436 3212 1460 3263 D
1480 3210 1658 3280 somtoprrss
1677 3207 1706 3263 θε
1727 3226 1812 3263 οντων

487 3311 597 3367 ηγαγον,
612 3301 663 3363 gig
674 3312 730 3349 non
745 3300 925 3352 mediocriter
939 3297 1088 3366 (consolati
1102 3300 1189 3365 sunt).

532 3546 701 3620 Quantum
731 3542 925 3632 periculum
952 3542 1058 3612 Paulo
1086 3543 1316 3627 imminuerit,
1340 3549 1435 3635 patet
1463 3550 1750 3626 οτ1θ,θθ.θθ.31
1778 3550 1813 3614 et

488 3652 605 3717 tccr.
632 3653 687 3728 1,8
712 3671 806 3740 seq.;
829 3650 952 3746 meritc
976 3649 1109 3718 censuit
1129 3649 1252 3719 Paulus
1266 3672 1336 3719 esse
1353 3650 1556 3736 cedendum,
1577 3673 1622 3721 ne
1635 3673 1813 3743 suaprae·

486 3756 596 3823 sentia
621 3754 740 3823 fideles
760 3778 899 3847 quoque
919 3756 1075 3847 periculo
1097 3756 1368 3836 involverentur3
1392 3779 1425 3825 ν.
1451 3763 1668 3848 ipostquam
1693 3771 1810 3827 autem

488 3859 631 3929 cessavit
649 3860 833 3946 tumidius,
855 3861 985 3930 voratis
1005 3860 1138 3931 Paulus
1154 3861 1331 3954 disceptatis
1348 3869 1617 3950 μεταπεμψάμενος
1639 3863 1738 3932 adse
1755 3885 1812 3932 er·

488 3965 635 4049 cesaiu't,
660 3979 692 4034 et
715 3966 916 4036 exhortatus
938 3990 994 4036 eos
1017 3966 1186 4036 valedixit
1201 3979 1234 4036 et
1245 3969 1484 4059 profectores!
1503 3979 1543 4035 ut
1560 3967 1679 4038 tretia
1698 3970 1814 4039 Maee-

436 4060 438 4064 ’
488 4068 648 4159 doniam,·
663 4072 707 4141 el.
732 4079 828 4156 1931
839 4093 848 4153 3
866 4071 1010 4141 miserat
1028 4078 1130 4141 antea
1143 4073 1254 4143 Titum
1267 4079 1302 4142 et
1316 4074 1423 4141 alium
1434 4073 1576 4143 tratrem
1588 4076 1808 4159 corinthum,

488 4185 528 4247 ut
544 4178 672 4247 certior
689 4179 799 4261 fieret,
818 4199 1006 4270 quemnam
1023 4179 1173 4249 fructum
1190 4179 1321 4248 tulisset
1335 4178 1480 4271 epistola
1491 4202 1595 4272 quam
1611 4203 1676 4273 per
1689 4180 1811 4251 (torin-

487 4283 641 4352 thiorum
660 4283 793 4372 legatos
812 4283 857 4352 ad
883 4306 941 4352 eos
963 4284 1124 4368 dederat,
1148 4293 1184 4354 et
1204 4285 1277 4353 lito
1298 4288 1528 4371 constituerat,
1550 4290 1589 4354 nt
1602 4285 1647 4355 ed
1660 4308 1697 4356 ae
1712 4290 1815 4356 'irca-
1932 4278 1935 4283 ⁴

490 4386 571 4458 dem
605 4389 746 4460 rediret.
777 4389 844 4457 Sed
876 4389 1046 4459 seditione
1076 4390 1140 4460 ille
1170 4397 1305 4460 coaetus
1335 4390 1435 4460 eitius
1470 4413 1574 4482 quam
1611 4391 1814 4462 decreverat

493 4495 523 4582 (i
556 4497 631 4563 Cor.
655 4496 746 4587 1θ,8)
771 4496 943 4589 Ephesum
966 4496 1178 4588 relinquere,
1202 4497 1327 4565 tresde
1348 4499 1460 4565 ‘litum
1484 4497 1639 4568 noudum
1664 4498 1811 4583 invenit,

490 4619 603 4691 neque
627 4601 687 4669 diu
713 4602 843 4671 Troade
865 4601 1018 4671 substitit
1045 4605 1081 4694 (t
1103 4608 1179 4673 Cor.
1208 4608 1300 4688 212.
1326 4609 1383 4688 ¹³3
1411 4605 1540 4696 ¹2¹⁸),
1568 4604 1629 4675 sed
1651 4602 1814 4675 fidelibus

490 4706 699 4777 valefaciens
716 4714 751 4777 et
772 4708 938 4780 sollicitus
957 4708 1000 4778 de
1019 4707 1215 4780 conditione
1239 4710 1489 4779 Corinthiorum
1507 4711 1680 4802 proiectus
1704 4716 1756 4781 est
1778 4710 1818 4781 in
