4092 5490
1011 459 1080 503 aar.
1106 441 1265 513 thatim.
1743 451 1803 511 267

478 605 564 664 essct
578 600 791 664 osrabhinioc
807 609 891 668 ntra,
909 608 1005 671 quam
1024 607 1134 653 vocem
1153 591 1227 651 Lev.
1246 592 1317 664 aas
1335 608 1401 668 seq.
1420 593 1493 652 txx
1514 594 1656 657 reddunt
1673 599 1802 678 ἀοχημο.
1930 643 1940 651 .

481 698 572 772 σύνην,
589 699 778 773 neutiquam
790 688 978 770 reputata-
996 691 1039 749 De
1056 687 1128 748 aliis
1149 687 1260 748 multis
1279 686 1547 765 explicationibus
1564 689 1646 752 haec
1660 696 1773 773 accipe
1792 715 1800 758 :

483 795 655 877 significari
672 787 901 862 idololatriam,
918 802 1014 865 quam
1028 783 1203 864 prophetae
1224 784 1355 863 quidem
1374 786 1418 845 ita
1437 786 1619 860 nominant;
1636 788 1803 866 prohiberi
1821 830 1823 839 ι

478 893 628 955 lascivias
653 904 734 966 qnae
756 886 869 946 diebus
891 883 981 945 testis
1003 882 1204 946 ethnicorum
1227 887 1466 958 exercerentur;
1490 882 1650 962 designari
1675 885 1804 965 πορνικὴν

481 989 585 1061 θυσίαν,
598 986 650 1047 vel
670 983 903 1065 professionem
922 981 1148 1055 meretriciam,
1168 980 1444 1061 prostitutionem,
1465 980 1516 1041 vel
1536 981 1804 1056 concubinatum,

480 1083 532 1145 vel
556 1082 788 1163 polygamiam,
815 1081 865 1143 vel
893 1078 1134 1141 matrimonium
1162 1095 1236 1140 cum
1265 1077 1404 1155 infideli„
1430 1080 1481 1140 vel
1509 1078 1803 1159 deuterogamiam.

480 1183 592 1260 Neque
616 1179 747 1243 deerant
770 1183 906 1240 conatus
930 1174 1122 1237 emendandi
1150 1180 1256 1237 textus
1281 1194 1289 1235 :
1316 1174 1443 1254 χοιριίαν,
1465 1177 1517 1237 vel
1541 1176 1670 1257 aepactas
1694 1177 1803 1258 legere

481 1284 644 1359 oportere,
664 1276 829 1357 prohiberi
848 1274 916 1334 scil.
941 1288 1067 1334 carnem
1088 1271 1213 1333 suillam
1236 1272 1427 1350 ingratiam
1448 1272 1652 1336 ludaeorum.
1674 1275 1738 1337 Sed
1761 1276 1801 1339 de

479 1377 570 1438 hisce
581 1373 701 1454 ingenii
715 1371 856 1434 foetibus
870 1369 959 1431 satis.

521 1563 588 1626 Cur
606 1557 691 1623 haec
705 1555 774 1622 illis
791 1552 989 1622 mandanda
1005 1559 1039 1619 et
1052 1551 1219 1620 mittenda
1232 1553 1317 1637 sint,
1333 1553 1473 1622 additur
1487 1553 1575 1621 ratio
1591 1576 1623 1621 v.
1643 1561 1682 1621 21
1701 1557 1801 1643 Mop-

479 1686 531 1732 ses
546 1663 639 1730 cuitu
656 1684 678 1729 a
694 1660 899 1752 temporibus
918 1658 1072 1750 antiquis
1086 1658 1187 1726 dubet
1209 1658 1247 1727 iu
1264 1659 1411 1751 scapulis
1429 1659 1627 1727 civitatibus
1643 1659 1703 1750 qui
1722 1683 1802 1727 eum

423 1778 428 1793 '
478 1769 684 1861 praedicent
702 1767 740 1835 ia
753 1767 963 1859 synagogis,
976 1765 1036 1834 ubi
1049 1788 1114 1857 per
1133 1788 1232 1833 omae
1249 1767 1427 1835 sabbatum
1441 1766 1583 1859 lepitur;
1601 1766 1683 1834 inde
1707 1767 1801 1834 euim

479 1876 572 1967 quod
592 1876 646 1944 lex
666 1876 814 1971 mosaica
826 1879 860 1941 et
875 1877 1068 1941 constanter
1081 1871 1171 1940 lecta
1190 1872 1232 1940 sit
1251 1872 1438 1941 maioribus
1453 1874 1657 1941 ludaeorum
1673 1880 1708 1941 et
1722 1896 1803 1964 per-

479 1987 583 2071 petuo
598 1981 789 2049 etiamnum
801 1979 839 2046 in
852 1978 1038 2067 synagogis
1052 1978 1212 2046 recitetur
1221 1977 1284 2045 illa
1294 1978 1543 2046 abominationi
1555 1985 1636 2048 sunt
1650 1978 1800 2062 ludaeis,

479 2109 584 2177 qnam
608 2072 901 2154 abominationem
921 2082 1019 2177 quasi
1036 2082 1263 2154 hereditatem
1278 2083 1451 2173 quandam
1466 2105 1488 2150 a
1502 2084 1691 2152 maioribus
1703 2106 1802 2153 acce·

479 2194 594 2283 perint
605 2198 640 2258 et
659 2191 821 2258 continua
835 2188 980 2256 lectione
998 2187 1088 2276 legis
1106 2188 1270 2270 foverint3
1291 2188 1383 2256 unde
1402 2210 1538 2256 necesse
1557 2195 1624 2271 est,
1642 2196 1681 2256 ut
1704 2211 1745 2256 ea
1764 2189 1802 2256 in

478 2320 515 2365 re
537 2297 668 2364 ludaeis
690 2294 824 2386 aliquid
847 2293 1055 2363 concedatur
1076 2300 1110 2361 et
1131 2292 1276 2383 gentiles
1296 2294 1342 2362 ad
1362 2293 1426 2362 illa
1442 2294 1584 2362 vitanda
1601 2294 1802 2383 obligentur

479 2402 537 2492 (ei.
554 2402 652 2471 Halae
657 2455 668 2490 ,
686 2401 772 2470 Felt.
797 2400 939 2492 Weiss),
954 2423 999 2468 ne
1023 2400 1139 2469 ludaei
1157 2399 1261 2468 nimis
1283 2406 1484 2470 avertantur
1500 2423 1521 2468 a
1538 2423 1575 2468 re
1595 2400 1797 2470 christiana.

480 2513 565 2578 Cum·
586 2509 763 2577 decretum
784 2508 847 2576 fiat
864 2529 929 2598 pro
948 2507 1132 2596 gentilibus
1151 2514 1185 2576 et
1205 2512 1278 2575 tota
1293 2506 1485 2598 disquisitio
1501 2506 1582 2575 illos
1594 2508 1705 2575 solnm
1722 2511 1801 2575 tan-

481 2623 558 2703 gat,
574 2637 646 2682 non
661 2619 770 2704 potest
790 2614 954 2703 explicari
978 2636 986 2683 :
1009 2636 1082 2681 non
1095 2635 1181 2703 opus
1202 2620 1253 2681 est
1274 2612 1405 2681 ludaeis
1426 2613 1561 2703 aliquid
1579 2613 1798 2703 praecipere,

480 2743 559 2788 nam
585 2726 712 2808 Moyses
737 2720 865 2806 legitur
889 2725 973 2802 eto.;
999 2718 1090 2786 unde
1115 2720 1245 2809 pariter
1263 2706 1349 2786 falso
1372 2718 1475 2786 infert
1498 2718 1551 2786 Bl.
1576 2717 1802 2807 :significari

480 2826 617 2894 videtur
638 2825 773 2895 ludaeis
797 2825 930 2915 reliqua
950 2848 1087 2915 queque
1107 2830 1289 2915 praecepta
1304 2846 1375 2892 esse
1388 2823 1568 2892 servanda.
1589 2824 1660 2892 Sed
1674 2824 1724 2891 'de
1743 2829 1800 2891 lu·

480 2934 576 3001 daeis
602 2932 691 3000 nihil
714 2932 920 3000 declaratur.
942 2934 1064 3000 Gentes
1085 2933 1266 2999 solvuntur
1291 2952 1312 2998 a
1334 2930 1591 2999 circumcisione
1613 2931 1804 3021 etreliqua

480 3039 718 3106 observatione
739 3038 843 3124 legis3
863 3036 948 3126 quid
968 3035 1101 3104 ludaeis
1121 3038 1235 3104 facere
1254 3035 1308 3105 vel
1326 3036 1483 3104 omittere
1502 3035 1620 3118 boeot,
1643 3035 1804 3125 explicite

481 3165 551 3210 non
571 3142 763 3230 attingitur.
781 3147 907 3211 Verum
930 3142 1019 3209 hene
1039 3141 1108 3209 iam
1134 3140 1211 3210 Cirr.
1229 3147 1327 3210 notat
1345 3164 1384 3209 ex
1399 3140 1441 3209 iis
1461 3164 1551 3232 quae
1568 3147 1687 3209 Petrus
1710 3141 1805 3209 dicat

479 3272 511 3317 v.
534 3257 612 3317 9-11
637 3247 828 3316 necessario
855 3248 1019 3338 consequi
1042 3246 1154 3335 legem
1177 3270 1222 3316 ne
1242 3270 1305 3338 pro
1326 3246 1456 3316 ludaeis
1479 3249 1621 3338 quidem
1641 3250 1712 3314 iam
1732 3269 1804 3315 csse

481 3356 718 3438 necessariam,
739 3354 800 3422 sed
815 3353 957 3421 ludaeos
974 3375 1110 3444 quoque
1129 3353 1247 3421 doceri
1266 3359 1303 3422 ut
1323 3352 1499 3423 discedant
1519 3377 1540 3423 a
1558 3355 1653 3441 lege;
1672 3353 1732 3421 sed
1752 3361 1801 3420 ta·

482 3483 561 3529 men
576 3461 642 3528 hoo
657 3460 813 3527 nondum
828 3459 988 3551 explicite
1001 3460 1048 3527 eis
1060 3460 1139 3528 dici.

520 3673 612 3735 Varie
630 3672 790 3751 explicant
808 3690 927 3734 nerum
941 3690 972 3733 v.
989 3673 1026 3734 21
1046 3672 1086 3734 ad
1106 3672 1285 3752 superiora,
1299 3672 1377 3735 haec
1393 3673 1460 3734 scit.
1477 3691 1540 3735 non
1558 3672 1656 3734 scribi
1674 3671 1801 3734 ludaeis

482 3769 556 3850 quia
568 3770 688 3831 hahent
701 3773 883 3847 noruntque
899 3770 1003 3850 legem
1019 3767 1106 3850 (Chr.
1124 3767 1251 3849 Saim.);
1271 3787 1311 3832 ne
1331 3770 1444 3832 ludaei·
1457 3770 1564 3832 studio
1580 3770 1661 3850 legis
1680 3768 1801 3832 addicti

482 3873 658 3947 querantur
672 3866 771 3928 deleri
786 3869 916 3946 Moysen
934 3855 1068 3946 eiusque
1085 3866 1189 3946 legem
1205 3868 1340 3942 aboleri;
1359 3867 1540 3929 libertatem
1556 3868 1706 3946 gentibus
1721 3884 1800 3928 con·

482 3981 606 4026 cessam
625 3964 728 4043 Moysi
750 3964 831 4025 nihil
852 3963 979 4026 officere
997 3962 1141 4043 (Calua.);
1161 3981 1225 4025 non
1245 3982 1325 4043 opus
1344 3982 1415 4027 esse
1435 3970 1470 4027 ut
1489 3982 1548 4026 nos
1568 3962 1801 4027 Christitldeles

482 4060 611 4122 solliciti
628 4060 731 4121 simus
744 4060 783 4121 de
797 4059 985 4122 honorando
1001 4062 1125 4140 Moyse3
1138 4078 1214 4123 eum
1229 4062 1362 4123 enimin
1377 4063 1542 4141 synagogis
1553 4062 1632 4124 satis
1645 4060 1803 4122 celebrari

482 4177 500 4219 a
514 4156 641 4219 ludaeis
657 4155 780 4239 (Lap.l;
794 4156 844 4218 vel
862 4158 910 4217 :si
926 4158 979 4235 qui
994 4157 1172 4237 pleniorem
1187 4157 1266 4237 legis
1283 4159 1428 4220 notitiam
1447 4158 1583 4238 adipisci
1599 4159 1729 4220 fortasse
1745 4175 1803 4221 cu·

482 4256 592 4335 piant,
614 4254 732 4316 habent
757 4271 820 4332 quo
842 4254 920 4315 satis
944 4254 1004 4316 sibi
1025 4255 1155 4328 faciant,
1178 4272 1252 4318 cum
1276 4257 1425 4318 omnihus
1449 4257 1591 4318 sabbatis
1612 4256 1740 4336 publice
1765 4273 1803 4317 ca

482 4353 606 4432 legatur
618 4352 652 4412 in
665 4350 835 4432 synagogis
851 4350 979 4432 (Pata).
995 4353 1095 4415 Aliter
1108 4351 1194 4415 Beda
1212 4373 1222 4415 :
1240 4377 1256 4409 u
1274 4354 1333 4416 etsi
1349 4359 1593 4434 praeceptorum
1609 4371 1695 4415 nunc
1712 4368 1802 4412 acer-

482 4449 580 4510 bitate
597 4467 661 4510 non
674 4452 849 4528 graventur
861 4464 880 4508 a
893 4449 1003 4524 nobis,
1016 4450 1208 4529 procedente
1222 4456 1329 4512 tamen
1340 4455 1494 4529 tempore,
1507 4450 1585 4512 dum
1599 4449 1802 4529 frequentius

481 4545 709 4607 adlectionem
729 4545 808 4625 legis
829 4544 1121 4626 prophetarumque
1139 4547 1361 4622 convenerint,
1375 4548 1529 4627 paulatim
1549 4547 1634 4609 vitae
1655 4546 1802 4608 instituta

483 4648 515 4703 et
531 4643 706 4704 servandae
726 4642 865 4704 invicem
884 4642 1063 4706 dilectionis
1080 4645 1151 4707 iura
1168 4645 1372 4724 suscipient»
1394 4648 1426 4708 et
1442 4643 1583 4709 Cassiod.
1595 4646 1740 4708 sufficere
1757 4643 1802 4704 ait

483 4740 581 4818 lloysi
597 4740 682 4818 quod
698 4740 767 4802 eius
781 4757 901 4802 nomen
916 4741 949 4802 in
964 4744 1130 4824 synagogis
1144 4744 1233 4806 omni
1247 4744 1378 4805 sahhato
1395 4745 1453 4805 sub
1470 4744 1678 4806 veneratione
1695 4741 1801 4803 nomi·

482 4843 585 4899 netur.
601 4837 739 4917 Longius
754 4839 914 4918 progressi
928 4837 1028 4919 aliqui
1043 4840 1207 4904 acatholici
1218 4841 1271 4904 hic
1283 4842 1441 4903 enuntiari
1456 4841 1799 4904 voluntauctcritatem
