4010 5474
985 413 1056 458 aer.
1080 396 1244 470 ‘ibid-2⁴.
1715 397 1773 458 363

445 565 582 636 quoque
606 548 751 614 salutem
774 546 833 612 det
858 550 893 611 et
916 545 1139 632 evangelium
1165 545 1257 613 inter
1287 566 1344 612 aas
1370 544 1624 612 incrementum
1649 548 1771 636 capiat.

488 658 610 720 Verum
630 673 708 718 eum
732 671 871 741 quoquc
886 652 1071 720 certiorem
1085 652 1217 721 faciunt
1231 653 1275 719 de
1294 651 1380 720 falso
1394 671 1529 717 rumore
1548 672 1665 739 sparso
1683 653 1776 741 apud

443 758 583 825 ludaeos
606 778 613 822 :
636 756 868 847 dicerentque
889 758 922 825 ec'
943 780 957 824 .·
976 758 1086 840 videa,
1101 760 1227 848 secter,
1245 771 1329 848 qccot
1348 756 1461 825 ueillia
1476 769 1556 822 sunt
1578 754 1615 821 in
1639 754 1775 822 Iudueis

441 861 683 930 interludaeos
695 863 758 952 qui
767 863 989 932 crediderunt
1004 877 1037 931 et
1052 886 1170 932 oncnes
1181 876 1263 932 sunt
1277 864 1504 932 aenccclutores
1518 862 1605 953 lepis
1619 868 1707 929 eiua
1718 891 1775 945 μυ-

443 974 541 1055 ριάδες
552 967 696 1036 minime
708 974 758 1037 cst
767 971 906 1060 proprie
920 969 1164 1059 accipiendum
1178 969 1278 1061 (BI.);
1294 969 1517 1061 hyperbolice
1528 990 1676 1056 magnus
1688 966 1775 1034 desi-

442 1079 569 1159 gnatur
581 1096 761 1158 numerus3
775 1086 900 1165 θεωρεϊς
916 1078 1029 1163 (3,16;
1047 1080 1182 1165 19,ae);
1196 1099 1269 1144 rem
1283 1076 1356 1143 scii.
1373 1075 1478 1143 Paulo
1491 1075 1560 1141 iam
1571 1080 1689 1142 notam
1705 1095 1774 1141 esse

443 1178 648 1262 declaratur,
663 1187 698 1249 et
708 1181 782 1272 ipse
795 1182 864 1249 iam
875 1189 978 1249 antea
992 1189 1153 1272 expertus
1166 1188 1240 1250 erat
1251 1187 1379 1273 quanto
1394 1180 1508 1248 studio
1523 1180 1611 1268 legis
1625 1180 1774 1248 tuendae

442 1284 561 1353 fideles
580 1309 623 1365 ,ex
644 1286 780 1354 ludaeis
802 1290 1007 1355 tenerentur
1027 1287 1086 1379 (oi.
1111 1296 1201 1372 15,1.
1227 1296 1260 1356 5.
1280 1286 1353 1355 Gal.
1374 1286 1646 1375 t,9.10;u,12).
1666 1286 1700 1354 Si
1720 1286 1775 1353 isti

443 1397 537 1458 extra
551 1391 778 1461 Palaestinam
792 1392 881 1481 legis
896 1388 1155 1462 observantiam
1170 1394 1254 1485 ipsis
1271 1417 1410 1485 quoque
1424 1392 1614 1481 gentilibus
1636 1414 1774 1482 persua-

440 1495 522 1563 dere
539 1497 752 1581 nitebantur,
769 1499 890 1568 fideles
912 1502 950 1568 in
966 1501 1162 1568 Palaestina
1185 1501 1290 1568 ctiam
1312 1500 1421 1588 magis
1444 1500 1529 1587 legis
1542 1498 1774 1566 observandae

439 1624 509 1669 esse
521 1602 664 1671 studiosi
675 1605 751 1673 iure
764 1606 928 1674 censendi
948 1612 1061 1675 erant.
1082 1612 1156 1675 lam
1174 1607 1230 1675 isti
1247 1630 1279 1674 v.
1295 1612 1337 1675 21
1352 1605 1538 1674 audierunt
1553 1617 1669 1672 orclem
1684 1602 1726 1671 de
1741 1616 1774 1670 te

438 1708 523 1798 quic
540 1708 780 1779 discessionem
794 1712 920 1779 doceas
940 1736 963 1780 α
978 1716 1100 1803 Moyse
1119 1734 1239 1781 eorum
1253 1713 1316 1804 qui
1323 1735 1390 1805 per
1405 1724 1523 1802 pentes
1534 1722 1613 1778 ment
1629 1710 1786 1789 Iudaeo-¹

437 1836 528 1897 reem,
546 1815 661 1884 dicens
674 1840 745 1885 non
761 1815 884 1886 debere
906 1841 964 1887 eos
989 1819 1237 1888 circumcidere
1251 1818 1346 1910 filios
1363 1841 1442 1887 suos
1459 1840 1569 1909 neque
1587 1816 1772 1886 secundans

437 1922 719 1991 consuetudinem
738 1923 889 2015 ingredi,
906 1935 1124 2014 κατηχήθησαν
1144 1926 1256 1994 edocti
1274 1930 1370 2009 aunt3
1393 1925 1478 1994 tales
1497 1946 1649 1992 rumores
1672 1944 1771 2013 spar-

437 2027 566 2112 gebant
584 2028 773 2098 adversarii
791 2031 904 2114 Pauli,
921 2031 1060 2116 ludaei,
1077 2053 1226 2123 quorum
1245 2031 1366 2099 odium
1381 2037 1415 2099 et
1428 2030 1685 2121 persecutiones
1700 2028 1771 2096 iam
1895 2122 1900 2130 .

437 2132 518 2198 satis
533 2139 693 2223 expertus
710 2144 800 2220 erat,
818 2142 852 2204 et
872 2139 934 2230 qui
956 2160 1036 2205 eum
1054 2145 1236 2228 tamquam
1257 2142 1529 2227 contemptorem
1548 2134 1635 2223 legis
1653 2134 1772 2203 tradu-

436 2238 571 2308 cebant.
591 2241 753 2331 Aliquam
773 2245 989 2312 occasionem
1005 2266 1129 2336 capere
1148 2249 1307 2334 poterant
1329 2265 1369 2311 ex
1389 2265 1431 2311 eo
1453 2242 1546 2333 quod
1567 2241 1692 2310 Paulus
1710 2240 1771 2308 ob·

435 2347 643 2414 servantiam
663 2348 752 2436 legis
764 2349 927 2418 fidelibus
938 2372 979 2417 ex
995 2350 1131 2419 ludaeis
1149 2336 1221 2418 non
1235 2349 1501 2418 commendabat
1515 2356 1550 2416 et
1567 2371 1609 2416 ea
1627 2347 1773 2417 docebat

437 2471 475 2516 ex
497 2451 622 2542 quibus
638 2455 861 2546 consequitur
874 2455 971 2524 illam
988 2456 1245 2525 observantiam
1264 2458 1407 2548 impune
1427 2478 1521 2546 posse
1541 2455 1670 2537 omitti,
1685 2476 1718 2520 v.
1733 2475 1768 2541 g.

435 2556 580 2624 salutem
606 2561 707 2628 unice
731 2560 854 2629 haberi
878 2585 944 2652 per
963 2563 1155 2642 Christum3
1184 2592 1200 2626 u
1224 2565 1342 2630 omnia
1365 2561 1453 2629 mibi
1476 2561 1595 2643 licent,
1617 2559 1677 2627 sod
1700 2582 1771 2627 non

436 2663 553 2731 omnia
575 2666 762 2756 expediunt
782 2706 827 2719 -
849 2668 878 2736 si
897 2691 966 2758 ego
985 2690 1066 2738 cum
1085 2668 1201 2757 gratia
1220 2669 1408 2759 participo,
1424 2668 1508 2757 quid
1530 2666 1771 2757 blasphemor?

437 2770 671 2862 unusquisque
690 2774 727 2840 in
745 2796 808 2842 auo
822 2795 925 2843 sensu
940 2774 1114 2857 abundet3
1132 2776 1193 2865 qui
1213 2795 1285 2842 non
1302 2773 1488 2843 manducat
1503 2773 1769 2841 manducantem

438 2897 507 2942 non
517 2876 656 2959 iudicet,
668 2884 755 2947 Deus
769 2880 863 2948 enim
877 2880 980 2949 illum
992 2883 1179 2971 assumpsit
1193 2908 1210 2942 »
1224 2886 1290 2948 etc.
1307 2881 1352 2949 cf.
1367 2884 1462 2948 Rom.
1482 2887 1558 2965 tas
1574 2901 1648 2968 seq.
1663 2887 1676 2945 t
1691 2881 1766 2947 Cor.

439 2987 549 3055 10:22.
572 2990 626 3050 30.
652 2987 775 3054 Verum
802 2986 1070 3076 exaggeratione
1096 2987 1196 3078 quasi
1222 2986 1348 3054 Paulus
1371 2989 1408 3053 in
1432 2986 1470 3054 id
1492 2985 1707 3054 incumberet
1732 2990 1770 3052 ut

437 3109 549 3156 mores
569 3090 698 3179 patrios
711 3093 812 3182 plene
831 3092 1042 3173 destrueret,
1060 3093 1095 3160 ei
1107 3091 1277 3161 invidiam
1290 3115 1408 3160 creare
1421 3092 1634 3160 conabantur
1650 3091 1767 3159 ludaei

436 3216 556 3262 asiam.

480 3300 624 3368 Proinde
639 3303 670 3370 ei
685 3303 850 3388 suadent,
866 3311 903 3372 ut
920 3328 958 3373 re
972 3310 1007 3373 et
1021 3326 1145 3395 opere,
1164 3327 1233 3373 non
1247 3326 1408 3374 sermone
1425 3304 1657 3373 defensionem
1670 3309 1769 3394 paret

435 3404 529 3492 (cta
551 3408 645 3498 Oce.)
673 3412 774 3478 etita
804 3412 921 3478 statim
950 3432 1091 3479 omnem
1119 3411 1284 3502 dispoliat
1312 3411 1540 3502 suspicionem
1571 3410 1657 3498 legis
1684 3432 1768 3477 con-

437 3518 603 3602 temptam
621 3537 654 3581 v.
671 3522 715 3583 Ἠ
733 3515 823 3607 quid
834 3539 916 3608 erqo
932 3519 1005 3586 est?
1019 3518 1063 3585 ci.
1087 3524 1103 3586 t
1127 3520 1202 3585 Cor.
1221 3523 1335 3602 1t,15.
1353 3523 1412 3600 263
1435 3517 1519 3608 quid
1533 3518 1568 3584 in
1590 3540 1631 3584 ea
1653 3539 1767 3584 rerum

436 3619 632 3688 conditione
654 3622 854 3691 faciendum
876 3627 948 3692 est?
970 3645 1054 3691 nam
1073 3623 1193 3714 utc'quc
1209 3630 1329 3706 πάντως
1349 3625 1488 3691 omuino
1503 3635 1632 3714 oporte!
1647 3646 1768 3691 corrue-

437 3725 511 3792 m're
525 3727 803 3814 rescribendum,
821 3729 967 3824 uredient
984 3730 1079 3798 enim
1095 3742 1128 3798 te
1145 3731 1396 3821 supervenisse;
1410 3753 1442 3796 v.
1461 3737 1502 3797 23
1518 3730 1580 3797 lroc
1602 3753 1684 3819 erqo
1705 3730 1768 3815 sac

437 3830 530 3920 quod
544 3832 607 3899 tibi
620 3831 769 3902 dicineus
790 3848 899 3904 :stent
913 3836 1013 3904 nobis
1025 3836 1094 3903 oiri
1107 3849 1273 3928 queattuor
1290 3848 1407 3903 crolum
1418 3836 1580 3903 dodones
1593 3857 1697 3925 super
1714 3854 1769 3917 se,·

439 3960 470 4004 v.
495 3943 536 4006 it
561 3938 615 4005 leis
642 3941 828 4032 asseccuptis
851 3946 1036 4032 παραλαεών
1063 3942 1126 4009 hos
1149 3943 1214 4010 tibi
1241 3941 1436 4029 adiungens
1463 3948 1641 4031 tamquam
1661 3940 1769 4008 socios

438 4044 613 4134 anacastra
634 4059 667 4112 te
688 4068 766 4113 cum
786 4046 873 4133 illis,
889 4047 1049 4136 religiose
1070 4047 1223 4129 abstine,
1240 4048 1328 4116 sicut
1352 4048 1412 4139 qui
1432 4048 1513 4115 iecit
1536 4055 1653 4115 votum
1675 4048 1768 4115 nasi·

438 4156 573 4217 meatus
595 4151 652 4237 (ei.
676 4156 777 4220 Num.
794 4152 883 4244 o,3);
907 4174 991 4221 nam
1014 4153 1192 4221 nostraene
1214 4152 1376 4223 omnibus
1398 4152 1519 4222 diebus
1543 4153 1768 4244 separationis

438 4279 520 4324 suae
545 4264 681 4326 sanctus
697 4257 765 4326 erit
779 4258 922 4327 Domino
945 4259 1058 4349 (Num.
1085 4260 1174 4350 ti,8);
1202 4267 1373 4348 ἁγνίζεσθαι
1396 4261 1490 4351 apud
1518 4264 1596 4327 Lxx
1625 4258 1767 4349 ponitur

439 4385 502 4452 pro
516 4380 583 4454 ”aa
598 4387 670 4433 sese
680 4387 880 4434 consecrare
893 4366 1039 4434 Domino
1051 4368 1137 4455 (aa
1154 4366 1224 4456 12),
1239 4378 1273 4435 et
1285 4365 1490 4457 impendam
1502 4366 1575 4434 illis
1587 4378 1625 4432 ut
1640 4363 1767 4433 radent

438 4469 553 4558 capim
571 4473 595 4537 i.
617 4494 648 4540 e.
670 4494 777 4560 eroga
794 4477 953 4563 sumptus
966 4471 1013 4540 ad
1031 4472 1200 4541 sacrificia
1217 4472 1281 4541 illa
1303 4495 1393 4564 quae
1414 4473 1451 4539 in
1470 4473 1538 4539 fine
1556 4472 1768 4540 nasicaeatus

439 4574 540 4642 simul
558 4599 637 4644 cum
663 4579 818 4647 tonsione
842 4577 966 4670 capitis
988 4578 1166 4648 offerenda
1182 4585 1281 4647 erant
1296 4583 1409 4663 (Num.
1432 4578 1631 4669 6,13seq.).
1652 4576 1767 4647 Modus

440 4680 607 4771 loquendi
629 4683 666 4750 in
688 4690 833 4753 tractatu
853 4685 1041 4753 mischnico
1060 4692 1110 4754 est
1128 4685 1228 4754 valde
1250 4684 1372 4754 similis
1392 4708 1399 4754 :
1421 4700 1480 4753 tui
1503 4672 1576 4751 abab
1600 4672 1650 4754 bt
1666 4706 1768 4775 super

441 4812 495 4858 me
521 4790 545 4857 i.
566 4812 597 4857 e.
618 4790 789 4859 incumbit
807 4792 895 4859 mihi
918 4791 1061 4860 tondere
1086 4791 1300 4876 nasimcum3
1321 4814 1389 4882 qua
1410 4791 1582 4860 locutione
1602 4791 1673 4861 scil.
1691 4792 1767 4882 quis
