4010 5474
23 282 25 289 ’
99 302 144 325 ”
207 325 211 331 <
258 311 319 371 aas
412 325 422 334 ·
817 325 884 373 aa.
907 311 1026 381 sae-a.

185 520 189 527 ,
258 457 349 527 illud
366 478 497 525 novum
509 458 634 526 accidit
648 460 702 526 his
721 459 868 527 conferri
882 460 918 527 in
936 459 1084 553 Ecclesia
1101 463 1357 526 sacramentum
1381 479 1450 547 quo
1470 463 1581 551 Spiri-

257 569 312 632 tus
323 569 460 634 sanctus
478 565 643 649 dabatur;
661 565 705 632 de
720 566 975 633 confirmatione
989 572 1022 633 et
1036 565 1161 633 collato
1179 564 1224 634 ab
1240 563 1303 632 illa
1317 569 1434 631 sancto
1449 566 1578 655 Spiritu

257 670 368 764 deque
386 672 485 767 donis
498 694 603 762 supra
613 676 772 738 naturam
786 692 875 759 quae
889 693 953 761 per
969 671 1135 739 manuum
1148 671 1404 761 impositionem
1416 672 1579 762 suppedi-

253 784 384 863 tantur,
400 801 446 847 ne
461 778 606 851 verbum
622 775 764 864 quidem
778 773 846 842 huc
867 796 974 865 usque
994 776 1188 842 audivimus
1205 804 1221 838 »
1240 776 1396 867 (Calm.).
1412 782 1504 856 Quae
1522 800 1577 845 ao-

253 887 366 977 oeptio
379 885 418 952 in
436 883 547 950 altera
564 866 710 946 lectione
724 878 907 946 exhibetur
927 879 981 945 :si
1000 880 1164 968 Spiritum
1188 888 1344 948 sanctum
1363 884 1473 974 aliqui
1492 886 1578 953 acci·

140 1065 148 1072 ,
211 982 214 985 ’
250 993 354 1083 piant
381 1011 426 1056 ne
447 984 643 1054 audivimus
667 982 827 1073 quidem;
849 983 992 1052 eandem
1019 984 1212 1053 defendunt
1235 985 1324 1054 Bela.
1356 989 1493 1071 Wendt,
1521 992 1574 1059 Bl.

226 1132 229 1139 ·
259 1096 380 1165 Weiss.
397 1091 464 1159 Sed
482 1089 635 1181 quaestio
650 1088 749 1158 Pauli
759 1094 876 1157 tamen
898 1111 1091 1181 supponere
1105 1091 1240 1159 videtur
1258 1114 1315 1159 eos
1334 1093 1424 1160 nihil
1438 1116 1473 1161 se
1489 1095 1576 1161 scire

250 1199 423 1269 confessos
435 1217 506 1264 esse
520 1195 565 1264 de
576 1195 704 1287 Spiritu
719 1201 853 1278 sancto,
869 1217 940 1275 esse
950 1197 1024 1266 scil.
1039 1197 1206 1289 Spiritum
1221 1203 1379 1265 sanctum
1390 1221 1575 1289 personam

249 1303 405 1373 divinam
419 1303 464 1371 ab
483 1303 551 1371 alia
563 1325 712 1394 persona
730 1301 849 1371 divim
862 1302 1076 1386 distinctam
1092 1328 1125 1373 v.
1144 1312 1162 1372 3
1179 1303 1239 1372 ille
1255 1328 1332 1373 vero
1348 1305 1401 1373 ait
1420 1327 1433 1370 .·
1453 1305 1493 1372 in
1506 1328 1574 1396 quc

211 1468 216 1478 .
247 1434 329 1503 erqo
345 1416 387 1493 εἰς
399 1420 428 1482 rt
439 1408 575 1500 inquid
590 1409 680 1499 (gig)
696 1408 978 1499 baptizatiestis?
992 1432 1053 1476 cur
1069 1412 1160 1477 enim
1172 1412 1308 1500 quaerit
1320 1411 1364 1479 de
1377 1412 1575 1502 baptismo?

247 1525 339 1588 certe
350 1539 437 1601 nou,
457 1512 597 1606 quiailli
612 1513 862 1604 responderunt
875 1536 910 1582 se
922 1513 1011 1581 nihil
1022 1514 1108 1581 scire
1121 1514 1163 1581 de
1178 1517 1277 1583 donis
1290 1518 1576 1585 extraordinariis

183 1668 185 1671 -
248 1647 339 1716 quae
358 1622 484 1690 dentur
498 1642 519 1686 a
533 1617 663 1709 Spiritu
681 1624 810 1688 sancto.
832 1623 919 1687 llaec
932 1619 1024 1687 enim
1040 1617 1192 1710 acceptio
1210 1620 1356 1709 Spiritus
1373 1624 1481 1690 sancti
1502 1644 1573 1691 non

247 1728 290 1798 ad
311 1726 522 1818 baptismum
551 1723 718 1815 pertinet,
734 1723 795 1792 sed
820 1724 1037 1815 impositione
1067 1748 1232 1793 manuum
1262 1726 1411 1795 conferri
1441 1728 1575 1797 solebat

246 1835 370 1923 (Sti).
395 1836 518 1919 llagna
543 1850 623 1897 oum
648 1828 876 1898 admiratione
899 1830 1032 1919 quaerit
1059 1833 1249 1921 apostolus;
1275 1855 1364 1922 quae
1391 1834 1574 1902 admiratio

245 1939 381 2008 facilius
393 1936 584 2026 explicatur
595 1934 634 2002 in
654 1934 718 2003 illa
738 1935 958 2026 responsione
978 1959 1048 2026 qua
1065 1936 1188 2005 dicunt
1207 1960 1243 2006 se
1267 1960 1311 2005 ne
1325 1939 1412 2006 scire
1431 1939 1573 2029 quidem

180 2126 183 2129 .
244 2043 507 2137 esseSpiritum.
528 2045 709 2110 Praeterea
731 2063 809 2109 cum
828 2041 1002 2132 apostolus
1026 2041 1218 2130 interroget
1242 2054 1472 2131 πιστεύσαντας,
1499 2067 1574 2113 om-

244 2151 327 2221 nino
339 2171 537 2243 supponere
556 2146 745 2216 censendus
762 2151 813 2216 est
830 2169 888 2217 eos
901 2147 970 2216 iam
989 2150 1159 2240 accepisse
1179 2149 1410 2240 baptismum;
1428 2151 1573 2220 audiens

245 2258 364 2348 itaque
383 2277 503 2324 eoram
517 2275 717 2345 responsum
733 2277 774 2323 eo
786 2275 889 2343 quem
902 2253 972 2322 disi
983 2276 1101 2337 sensu,
1116 2257 1217 2325 facile
1239 2257 1316 2325 ssuit
1328 2257 1569 2344 interrogatio,

246 2365 355 2433 immo
370 2359 561 2434 necessario
577 2380 586 2429 :
602 2361 644 2442 εἷς
659 2368 688 2429 τί
699 2362 748 2430 οὖν
764 2368 971 2447 &assistam
988 2363 1015 2429 si
1029 2384 1110 2429 vcro
1124 2361 1381 2453 respondissent
1402 2387 1410 2432 ε
1429 2385 1499 2430 non
1513 2386 1571 2431 au·
1632 2448 1637 2456 ¹

244 2460 397 2540 divimus
418 2469 446 2537 si
468 2467 529 2558 qui
555 2465 753 2555 acceperint
774 2464 938 2556 Spiritum
956 2473 1128 2549 sanctum,
1147 2468 1260 2559 potius
1282 2468 1406 2536 debuit
1429 2469 1571 2537 conclu-

245 2576 329 2646 dere
347 2599 356 2643 z
377 2595 462 2662 ergo
478 2594 602 2641 manus
616 2570 685 2639 illis
703 2570 857 2639 nondum
880 2577 958 2639 sunt
976 2570 1155 2663 impositae
1171 2575 1227 2660 (cl.
1249 2577 1362 2663 8,ll)‚
1388 2574 1437 2642 uti
1455 2575 1571 2644 statim

245 2684 329 2752 inv.
347 2679 555 2770 tiimpositio
575 2697 742 2745 manuum
767 2680 802 2745 et
815 2673 967 2767 acceptio
988 2680 1132 2769 Spiritus
1153 2681 1377 2767 coniungitur
1393 2688 1463 2750 eta
1483 2681 1569 2772 bap·

245 2789 346 2857 tismo
367 2782 605 2872 distinguitur.
627 2786 736 2861 Quare
759 2803 839 2851 cum
858 2785 942 2874 Lapa.
959 2783 1049 2850 Beel.
1067 2788 1162 2853 Patr.
1183 2786 1270 2854 Feli.
1288 2793 1371 2876 pato
1386 2786 1465 2853 illos
1480 2787 1568 2854 nihil

246 2894 347 2965 scisse
361 2892 405 2961 dc
418 2890 548 2982 Spiritu
565 2894 696 2959 sancto

285 3074 397 3152 Neque
410 3070 444 3132 id
454 3068 535 3131 adeo
548 3066 668 3129 miram
682 3064 780 3129 rideri
795 3065 901 3127 debet.
916 3066 994 3127 Nam
1009 3067 1151 3145 protecto
1167 3086 1232 3129 non
1247 3069 1328 3130 adeo
1339 3075 1449 3148 aperte
1460 3070 1568 3150 colligi

247 3149 355 3254 potest
369 3184 408 3230 ex
425 3169 530 3230 vetere
549 3167 744 3226 testamento
761 3161 917 3241 Spiritum
936 3163 993 3223 Dei
1013 3180 1082 3224 esse
1103 3182 1271 3242 personam
1288 3166 1431 3227 divinam
1448 3170 1487 3229 ab
1507 3168 1568 3229 alia

242 3283 384 3353 persona
396 3264 505 3328 divina
517 3260 719 3335 distinctam
735 3275 840 3337 neque
857 3258 946 3321 enim
963 3260 994 3320 in
1010 3260 1226 3323 locutionibus
1241 3264 1304 3324 illis
1319 3264 1421 3325 obviis
1438 3282 1445 3323 :
1464 3265 1568 3326 ellua-

247 3368 324 3431 dam
343 3363 493 3444 spiritum
512 3376 641 3435 maum;
662 3355 745 3420 dabo
764 3355 913 3437 spiritum
934 3374 1043 3418 meum
1064 3359 1096 3418 in
1116 3376 1171 3420 cor
1194 3378 1323 3433 corum;
1348 3362 1488 3439 Spiritus
1511 3364 1567 3424 Dei

246 3462 375 3527 insiluit
388 3475 486 3539 snper
502 3474 578 3520 eum
597 3462 659 3519 etc.
676 3453 786 3518 statim
804 3453 1059 3534 deprehenditur
1071 3456 1250 3535 hypostasis
1267 3458 1396 3537 propria
1410 3459 1566 3537 Spiritus;

249 3577 355 3642 neque
369 3575 409 3621 ex
423 3555 530 3618 verbis
543 3555 701 3632 baptistae
716 3551 875 3615 Christum
889 3552 1123 3632 baptizaturum
1139 3572 1208 3615 esso
1224 3556 1256 3614 in
1272 3557 1394 3635 Spiritu
1410 3562 1520 3618 sancto
1535 3562 1567 3618 rt

247 3658 316 3742 igni
341 3671 425 3737 opus
445 3655 510 3724 est,
530 3655 568 3713 ut
588 3665 700 3713 omnes
718 3649 828 3711 statim
849 3648 1064 3711 intellexerint
1086 3667 1156 3711 csso
1178 3652 1362 3731 hypostasin
1389 3655 1565 3732 propriam.

245 3759 416 3827 Praeterea
431 3747 535 3812 notari
553 3750 679 3828 oportet
696 3744 853 3825 Spiritum
867 3749 1013 3808 sanctum
1029 3747 1061 3807 in
1079 3755 1185 3810 velera
1201 3753 1397 3810 testamento
1412 3768 1483 3811 raro
1498 3752 1564 3812 dici

244 3854 300 3936 (et.
327 3851 401 3931 sap.
427 3848 495 3920 t‚s;
520 3846 605 3914 att.
627 3842 725 3905 Eceli.
753 3843 828 3924 l‚9)‚
852 3860 956 3923 neque
983 3844 1056 3906 inde
1085 3850 1193 3923 aperte
1226 3846 1334 3926 colligi
1362 3846 1563 3927 hypostasin.

245 3947 385 4015 Proinde
398 3942 490 4007 nullo
509 3940 605 4004 modo
624 3939 772 4020 sequitur
789 3939 875 4020 qnod
897 3940 996 4018 aliqui
1021 3943 1175 4022 consequi
1191 3943 1320 4017 volunt,
1339 3944 1410 4006 illos
1430 3963 1495 4006 non
1514 3946 1566 4007 lu·

245 4049 345 4112 dacos
360 4042 417 4105 sed
435 4039 572 4123 gentiles
584 4054 655 4100 esse
668 4037 845 4113 habendos,
860 4037 889 4098 si
904 4040 1130 4118 profiterentur
1146 4060 1178 4102 so
1195 4042 1331 4104 nescire
1347 4043 1478 4120 quidem
1494 4061 1564 4105 esse

244 4142 403 4227 Spiritum
417 4142 576 4202 sanctum.
591 4167 633 4181 —
646 4135 698 4198 Uti
714 4153 753 4198 es
767 4135 903 4215 epistola
920 4134 1091 4217 Augustini
1113 4138 1151 4199 ad
1169 4139 1373 4200 Vincentium
1390 4140 1454 4218 (ep.
1476 4143 1515 4200 93
1529 4159 1561 4201 n.
1676 4143 1678 4147 ’

245 4246 302 4319 t'l3
316 4239 361 4305 ll.
377 4232 502 4315 stau)
521 4232 642 4306 elucet,
659 4232 843 4295 Donatistae
862 4233 959 4295 etiam
981 4234 1019 4295 ad
1042 4235 1224 4313 exemplum
1244 4235 1333 4296 Pauli
1353 4243 1564 4314 provocarunt

245 4341 300 4422 qui
314 4341 389 4420 post
399 4337 548 4398 loannem
560 4329 763 4409 baptizasset,
777 4335 813 4391 ut
824 4346 920 4391 suum
932 4331 1146 4409 rebaptizandi
1160 4348 1283 4392 morem
1298 4334 1563 4395 commendarent

247 4444 281 4502 et
294 4432 519 4504 defenderent;
536 4425 569 4488 id
582 4426 669 4507 quod
684 4443 723 4489 eo
739 4424 809 4489 loeo
823 4428 1019 4507 Augustinus
1032 4429 1143 4490 multis
1158 4428 1286 4491 refellit.

287 4595 418 4666 Dicitur
439 4585 608 4679 baptizari
627 4587 669 4670 εἷς
691 4594 732 4672 τί,
750 4583 850 4654 sicuti
868 4588 911 4667 εἷς
923 4598 956 4656 τὲ
972 4594 1080 4675 issam
1098 4587 1175 4656 vide
1194 4588 1367 4678 quaedixi
1380 4589 1425 4657 ad
1444 4591 1561 4658 llalth.

242 4710 345 4787 sale
365 4706 400 4769 et
414 4697 492 4767 vide
511 4692 668 4784 Contely,
690 4695 879 4762 Commeat.
896 4691 931 4760 iu
949 4702 963 4762 l
983 4698 1055 4763 Cor.
1073 4719 1108 4786 p.
1129 4703 1170 4764 35
1184 4701 1218 4762 et
1233 4699 1425 4765 Commeat.
1447 4698 1485 4764 in
1504 4720 1559 4789 ep.
