4010 5474
1042 391 1109 434 ier.
1133 374 1236 446 1631.
1745 379 1803 441 287

478 527 519 605 εἰς
531 534 565 592 τῦ
584 529 688 610 ξύλον,
714 527 750 591 iu
764 544 912 590 nervum
928 522 1047 611 (νέρῦαν
1064 521 1172 612 cin),
1190 523 1214 587 i.
1230 542 1260 588 c.
1274 521 1310 587 in
1328 525 1489 587 truncum
1509 520 1696 592 habentem
1711 529 1805 597 scra-

478 630 587 717 mina,
604 631 731 722 quibus
744 627 848 718 pedes
865 628 1145 696 immittebantur
1165 634 1200 696 ct
1224 626 1341 694 nervis
1359 624 1466 693 vincti
1485 626 1802 716 adstringebautur.

466 742 527 805 ‘lta
540 759 622 805 sane
638 734 751 802 omnis
763 733 848 821 fuga
862 734 917 803 vel
937 757 1008 803 sese
1023 734 1196 803 liberandi
1219 755 1295 825 spes
1311 732 1382 800 illis
1395 732 1625 801 adimebatur.
1647 741 1693 803 iic
1713 739 1805 829 hisce

476 834 597 911 scribit
616 839 741 907 Paulus
758 841 1149 910 Thessalonicensibus:
1175 844 1255 908 ante
1279 837 1372 930 passi
1397 845 1431 906 ct
1457 841 1673 909 contumeliis
1694 843 1807 913 affecti

477 948 577 1036 (sicut
599 946 704 1035 scitis)
718 946 756 1015 in
776 947 945 1038 Philippis
956 947 1120 1014 fiduciam
1143 944 1330 1013 habuimus
1349 945 1384 1011 in
1400 949 1468 1012 Dec
1492 951 1609 1014 nostro
1627 949 1658 1037 (1
1689 950 1802 1019 Tbess.

476 1056 561 1143 22).
579 1058 650 1122 iam
665 1047 827 1145 coeptum
846 1059 896 1122 est
915 1053 1057 1143 impleri
1074 1052 1163 1120 illud
1180 1073 1188 1121 :
1208 1049 1382 1140 egoenim
1402 1050 1582 1120 ostendam
1603 1053 1655 1120 illi
1675 1065 1804 1145 quanta

365 1186 370 1193 ·
475 1167 631 1253 oporteat
646 1182 803 1250 cumpro
823 1160 964 1227 nominc
985 1180 1063 1226 meo
1075 1159 1149 1249 pati
1166 1158 1285 1249 (ata).

814 1393 842 1459 d)
862 1394 1069 1446 Liberantur
1088 1406 1107 1444 e
1127 1405 1268 1445 carcere
1290 1391 1462 1457 iacis-40.

512 1578 601 1642 tait.
618 1580 710 1631 Media
733 1586 827 1632 autem
848 1582 944 1643 nocte,
962 1578 1067 1630 Paulus
1087 1580 1115 1631 et

475 1668 548 1719 Silas
572 1674 686 1721 orantes
709 1669 861 1721 laudabant
885 1669 989 1729 Deum;
1012 1670 1040 1720 ct
1062 1681 1114 1719 au·

472 1758 587 1810 aiebant
609 1771 673 1819 ecs,
695 1760 743 1822 qui
764 1759 793 1808 in
810 1756 937 1809 custodia
956 1761 1045 1808 eraut.
1068 1756 1112 1808 26.

474 1845 572 1898 Subito
590 1859 657 1897 vero
673 1851 764 1897 terrac
783 1850 876 1898 motus
889 1846 980 1897 iactus
994 1853 1038 1897 est
1052 1859 1113 1897 ma·

472 1948 559 1999 gnus,
587 1937 627 1985 ita
660 1941 691 1987 ut
717 1940 898 1987 moverentur
930 1935 1115 1986 iuudameuta

473 2026 602 2075 carceris.
623 2023 658 2075 Et
681 2025 776 2075 statim
805 2026 902 2089 aperta
928 2028 995 2074 suut
1019 2024 1114 2074 omnia

472 2115 557 2173 ostia;
588 2118 617 2164 et
646 2114 840 2164 universorum
878 2113 991 2164 vincula
1020 2111 1114 2163 soluta

472 2208 547 2252 sunt.
572 2201 619 2253 17.
652 2201 873 2266 Expergeiactus
897 2206 993 2252 autem
1016 2204 1114 2253 custos

471 2292 604 2353 carceris,
626 2296 655 2342 et
675 2291 774 2342 videns
795 2292 895 2341 ianuas
919 2292 1032 2355 apertas
1051 2303 1113 2342 car·

470 2381 556 2441 ceris,
572 2381 723 2444 evaginato
736 2379 831 2445 gladio
847 2380 961 2432 volebat
978 2392 1010 2431 se
1024 2380 1113 2432 inter·

472 2466 569 2528 ficere,
595 2470 748 2520 aestimans
780 2469 886 2533 iugtsse
916 2471 1035 2520 vinctos.
1065 2469 1110 2520 ia.

472 2557 610 2608 Clamavit
638 2565 733 2609 etitem
764 2557 869 2609 Paulus
902 2570 973 2609 voce
1008 2570 1113 2622 magua

472 2645 567 2696 dicens
585 2659 592 2694 :
609 2646 686 2695 Nihil
700 2645 750 2696 tibi
763 2645 830 2697 maii
845 2645 945 2698 ieceris
961 2660 967 2695 :
986 2646 1113 2698 universi

471 2736 546 2787 enim
567 2734 612 2784 hic
632 2747 740 2785 sumtis.
759 2734 802 2785 19.
820 2735 968 2799 Petithue
989 2734 1110 2796 lumine,

471 2825 661 2887 introgressus
682 2829 738 2885 est3
765 2830 793 2875 et
816 2822 996 2875 tremefactus
1018 2825 1112 2889 proci·

472 2912 512 2963 dit
527 2913 615 2963 Paulo
630 2916 659 2964 et
674 2912 750 2964 Silae
766 2911 801 2962 ad
815 2913 913 2976 pedes.

508 3001 550 3051 30.
567 3001 602 3052 Et
622 3000 782 3066 producens
803 3013 852 3051 eos
866 3001 957 3063 ieras,
974 2991 1014 3051 ait
1029 3013 1036 3050 :
1051 3002 1112 3053 Dc·

471 3090 553 3152 mini,
570 3089 637 3154 quid
659 3101 704 3140 me
723 3091 833 3154 oportet
851 3088 945 3141 iacere
961 3095 992 3140 ut
1014 3090 1112 3142 salvus

471 3176 553 3228 stam?
577 3178 620 3229 31.
647 3179 683 3229 it
712 3178 752 3228 illi
777 3178 908 3230 dixerunt
934 3192 940 3229 :
967 3178 1059 3230 Crede
1081 3182 1111 3230 in

472 3267 620 3317 Dominum
647 3266 754 3327 1esum;
783 3269 810 3318 et
833 3267 929 3318 salvus
952 3269 1009 3319 eris
1032 3273 1063 3319 tu
1083 3271 1112 3320 et

473 3355 572 3405 dotatus
585 3360 642 3406 tua.
660 3355 704 3405 32.
721 3355 756 3405 Et
771 3356 857 3407 locuti
872 3359 938 3406 sunt
953 3357 980 3407 ei
993 3357 1111 3409 verbum

472 3445 584 3495 Domini
598 3458 662 3496 eum
677 3445 805 3495 omnibus
820 3447 868 3508 qui
883 3447 963 3497 erant
982 3447 1012 3496 iu
1026 3446 1111 3498 domo

471 3535 540 3584 eius.
571 3532 614 3583 33.
646 3533 681 3584 Et
704 3533 806 3584 tollens
833 3547 883 3584 cos
906 3535 936 3584 in
962 3535 1015 3603 ilia,
1038 3535 1112 3586 hora

472 3624 571 3682 noctis,
587 3622 656 3672 lavit
671 3623 894 3687 plagasecruu13
909 3627 937 3674 et
951 3622 1111 3688 baptizatus

472 3717 513 3762 cst
533 3712 593 3775 ipsc
613 3716 641 3763 ct
660 3711 751 3762 omnis
768 3711 869 3764 domus
888 3712 949 3763 eius
963 3714 1108 3764 continuo.

472 3798 515 3849 31.
531 3799 679 3864 Quumque
696 3800 873 3865 perduxisset
887 3813 937 3853 cos
953 3803 982 3851 in
997 3801 1110 3853 domum

470 3901 564 3949 stiam,
581 3891 712 3954 apposuit
726 3891 768 3940 eis
782 3902 924 3951 mensam,
942 3895 971 3941 et
989 3890 1112 3942 iactatus

470 3984 512 4028 cst
535 3990 597 4027 cuin
622 3979 698 4029 omui
723 3977 806 4029 domo
828 3991 880 4030 sua
901 3978 1020 4030 credens
1038 3980 1108 4031 Dec.

400 4074 403 4079 “
507 4066 549 4116 35.
568 4065 602 4116 Et
620 4079 706 4131 quum
725 4066 786 4118 dies
805 4066 896 4117 iactus
915 4072 1005 4130 esset,
1024 4070 1110 4119 misc-

469 4161 534 4206 runt
548 4156 730 4220 magistratus
748 4155 875 4215 lictores,
892 4155 1018 4206 <licentes
1035 4169 1043 4206 ε
1059 4156 1110 4208 Di-

470 4247 549 4296 mitte
571 4246 700 4296 homines
724 4245 797 4296 ilica.
821 4244 865 4296 36.
887 4244 1035 4296 Nuntiavit
1058 4258 1111 4296 au·

470 4337 526 4385 iem
545 4339 639 4386 custos
663 4336 783 4386 carceris
803 4333 889 4385 verba
910 4334 981 4386 haec
996 4334 1108 4387 Paulo:

471 4423 542 4483 Quia
564 4426 701 4477 miserunt
724 4425 904 4487 magistratus
928 4428 960 4474 ut
984 4423 1110 4475 dimitta-

470 4514 552 4575 mini,
569 4527 643 4565 nunc
662 4514 748 4577 igitur
764 4513 898 4564 exeuntes
915 4512 954 4562 ite
975 4513 1004 4561 in
1027 4525 1108 4576 pace.

471 4600 515 4652 37.
532 4602 636 4653 Paulus
658 4608 752 4655 autem
771 4602 840 4653 dixit
854 4603 896 4653 eis
912 4613 919 4651 ε
936 4600 1044 4654 caesos
1057 4614 1110 4654 noa

1201 1577 1292 1636 1625.
1312 1574 1382 1629 ίίατθ
1405 1570 1434 1628 δὲ
1457 1573 1486 1628 rb
1515 1575 1677 1646 μεσονθνιτιον
1706 1576 1803 1638 Παῦλος

1161 1662 1203 1717 καί
1229 1663 1306 1726 Σίλας
1330 1664 1524 1736 προσευχόμενοι
1546 1662 1637 1735 θμνουν
1660 1663 1704 1718 τὸν
1727 1665 1801 1719 θεόν·

1161 1750 1320 1824 ίπηκροῶντο
1341 1752 1369 1806 ct
1391 1751 1471 1807 αθτῶν
1494 1751 1519 1806 ot
1541 1753 1647 1826 δέσμιοι.
1668 1757 1713 1811 26.
1733 1755 1803 1830 θρνω

1159 1839 1186 1894 at
1210 1841 1311 1914 σεισμδς
1333 1840 1432 1913 ἐγίνετο
1456 1843 1549 1915 μέγας,
1569 1845 1634 1897 ὥστε
1653 1843 1803 1910 σαλευθῆναι

1160 1928 1191 1982 tt
1220 1930 1323 2002 θεμέλια
1350 1934 1395 1985 τοῦ
1423 1931 1605 2004 δεσμωτηρίου·
1636 1930 1803 2006 ἠνεῴχθησαν

1159 2018 1187 2073 bt
1205 2021 1383 2092 (παραχρῆμα)
1402 2018 1429 2073 ai
1447 2019 1518 2093 bipart
1536 2023 1623 2089 παῖσαι,
1643 2022 1685 2075 καί
1702 2023 1802 2076 πάντων

1159 2108 1191 2162 τὰ
1214 2108 1295 2181 δεσμθ
1323 2107 1411 2176 ἁνίθη.
1432 2112 1477 2163 17.
1498 2107 1597 2171 ἔξυπνος
1619 2108 1646 2162 δὲ
1668 2110 1804 2180 γενόμενος

1159 2197 1173 2250 θ
1205 2196 1374 2269 δισμορθλαξ,
1407 2196 1450 2250 ιιαί
1479 2194 1538 2250 ίδὼν
1570 2194 1728 2269 ἀνεῳγμένας
1760 2198 1804 2264 τθις

1160 2284 1233 2356 θθρας
1258 2288 1303 2353 τῆς
1325 2284 1451 2357 φυλακῆς,
1479 2286 1636 2358 σπασάμενος
1670 2284 1717 2352 τὴν
1750 2288 1801 2358 μά-

1158 2393 1250 2447 χαιραν
1278 2374 1382 2447 ίμελλεν
1413 2372 1502 2428 taurii
1534 2373 1657 2447 ἀναιρεῖν,
1690 2377 1799 2448 νομίζων

1159 2461 1332 2536 ίκπεριυγίναι
1359 2463 1417 2526 τοῦς
1443 2464 1568 2536 δεσμίους.
1599 2468 1643 2518 18.
1674 2463 1800 2536 ἐφώνησεν

1157 2553 1183 2606 δὲ
1216 2552 1316 2615 Παῦλος
1348 2551 1447 2625 μεγάλῃ
1479 2556 1551 2624 ρωνῇ
1582 2552 1675 2624 λέγων,
1710 2554 1797 2620 Μηδὲν

1157 2640 1248 2713 πράξῃς
1279 2645 1377 2713 σεαυτῷ
1403 2639 1491 2695 κααθν·
1518 2641 1623 2703 ἅπαντας
1650 2642 1698 2713 γάρ
1725 2640 1799 2713 ἐσμεν

1157 2727 1255 2787 ίνθείδε.
1281 2733 1326 2786 θθ.
1357 2727 1459 2796 αίτιίσας
1485 2727 1513 2783 δὲ
1539 2734 1608 2802 ρῶτα
1637 2729 1799 2799 είοεπηδησε,

1157 2819 1199 2871 καί
1217 2817 1335 2890 ίντρομος
1354 2818 1489 2890 γενόμενος
1505 2820 1641 2891 προσέπεσε
1654 2824 1690 2892 τῷ
1708 2818 1800 2893 Παθλῳ

1158 2910 1198 2961 καί
1217 2912 1255 2979 τῷ
1274 2906 1348 2978 Σίλᾳ.
1548 2952 1551 2957 .

1194 2999 1238 3050 θθ.
1272 2995 1315 3049 καί
1343 2996 1497 3068 προαγαγὼν
1529 2995 1619 3059 αὗτοδς
1651 2997 1706 3067 ίξω,
1737 2997 1799 3069 ίρη,

1157 3082 1256 3154 itiner,
1277 3084 1302 3138 τί
1324 3103 1355 3156 με
1378 3079 1422 3137 δεῖ
1442 3086 1525 3139 ποῗεεν
1542 3091 1585 3139 ίνα
1603 3085 1691 3155 σωθῶ;
1712 3089 1756 3142 31.
1777 3086 1802 3140 ct

1157 3172 1184 3227 ci
1206 3170 1288 3244 εἶπαν,
1310 3172 1442 3227 Πίστευσον
1462 3172 1503 3228 aa
1526 3171 1569 3228 τίον
1589 3173 1678 3247 Κύριον
1702 3172 1799 3242 Ἰησοῦν

1156 3262 1199 3315 act
1225 3261 1328 3335 σωθήσῃ
1352 3262 1383 3316 σίν
1408 3261 1451 3316 καί
1478 3261 1493 3316 θ
1516 3258 1587 3325 οίκός
1609 3282 1663 3318 σου.
1690 3267 1733 3318 32.
1758 3265 1802 3317 καί

1157 3349 1285 3420 ἐλάλησαν
1314 3349 1384 3423 αθτῷ
1413 3350 1458 3405 τίον
1488 3350 1568 3422 λόγον
1594 3356 1638 3405 τοῦ
1660 3350 1733 3418 θεοῦ,
1754 3353 1799 3405 σῦν

1156 3443 1230 3495 πᾶσιν
1249 3446 1303 3503 τοῖς
1322 3438 1349 3494 ίν
1371 3448 1403 3513 τῇ
1427 3438 1495 3511 οἰκίᾳ
1513 3439 1599 3496 αθτοῦ.
1621 3444 1665 3496 θθ.
1686 3442 1727 3493 καί
1750 3460 1799 3496 πα·

1157 3528 1274 3600 ραλαθδνν
1289 3528 1377 3591 αθτσδς
1395 3526 1421 3582 ίν
1436 3526 1518 3603 ίκείνη
1537 3531 1634 3602 τῇθνρα
1652 3533 1696 3596 τῆς
1714 3530 1800 3593 νυατδς

1156 3617 1258 3672 ίλουσεν
1286 3617 1337 3672 αἰπδ
1363 3622 1414 3672 τῶν
1445 3616 1563 3690 πληγῶν,
1597 3619 1639 3672 καὶ
1664 3616 1798 3688 ίθαπτίαθη

1156 3705 1229 3770 αθτδς
1247 3706 1290 3760 καί
1307 3705 1332 3760 οί
1350 3705 1426 3761 aaa
1445 3706 1550 3770 ἅπαντες
1568 3712 1732 3780 παραγρῆμα.
1754 3712 1798 3763 at.

1156 3794 1293 3868 ἀναγαγών
1311 3815 1339 3851 τε
1357 3794 1445 3859 αθτοδς
1463 3795 1498 3858 είς
1514 3795 1559 3850 aba
1574 3794 1648 3850 οἶκον
1662 3799 1800 3868 παρέθηκεν

1155 3886 1289 3957 τράπεζαν,
1318 3883 1361 3939 καί
1384 3883 1561 3957 ἠγαλλιάσατο
1591 3885 1707 3938 πανοικεὶ
1729 3905 1801 3942 aaut·

1157 3974 1265 4037 στευνιὼς
1283 3979 1321 4045 τῷ
1341 3972 1408 4044 θεῷ.

1193 4066 1238 4119 35.
1262 4060 1369 4135 ’Πμίρας
1394 4061 1421 4115 ti
1443 4062 1582 4134 γεναμίνης
1604 4061 1756 4131 θπιίστειλαν
1778 4064 1803 4119 οί

1156 4151 1295 4224 στρατηγοί
1315 4151 1373 4214 τοῦς
1395 4149 1551 4226 ραθδοῦχαυς
1568 4150 1699 4225 λέγοντες,
1724 4152 1802 4209 Ἀπό-

1155 4239 1232 4295 λυσον
1255 4240 1314 4303 rob<
1337 4239 1481 4314 ἀνθρώπους
1504 4239 1620 4304 ίαείνους.
1647 4246 1690 4297 θθ.
1716 4241 1801 4315 ἀπήγ-

1156 4329 1240 4401 γειλεν
1269 4329 1296 4384 at
1318 4328 1334 4383 θ
1356 4328 1514 4402 δεσμαρθλαξ
1536 4331 1593 4393 τοίνς
1619 4329 1710 4403 λόγους
1741 4330 1801 4403 πρὸς

1156 4419 1200 4474 τίον
1220 4418 1332 4484 Παῦλον,
1349 4418 1388 4473 θτι
1407 4417 1593 4473 ἁπεστάλκασιν
1611 4418 1636 4471 ci
1654 4419 1798 4490 στρατηγοί,

1154 4509 1198 4564 ίνα
1212 4507 1364 4574 ἀπολυθῆτε·
1381 4502 1489 4562 νῦνάθν
1510 4506 1650 4571 ίξελθθντες
1668 4509 1798 4579 πορεύεσθε

1157 4597 1182 4652 ίν
1211 4597 1307 4670 εἰρήνη.
1329 4600 1374 4653 at.
1394 4597 1408 4650 θ
1431 4596 1458 4652 ai
1483 4595 1580 4660 Παῦλος
1604 4596 1649 4669 ίρη
1672 4596 1732 4670 πρὸς
1757 4597 1798 4650 αὖ·

470 4691 595 4757 publice,
624 4691 817 4753 indemnatos,
845 4691 975 4742 homines
1004 4690 1110 4742 Roma·
1155 4687 1225 4755 τοῦς,
1254 4687 1382 4759 Δείραντες
1416 4685 1483 4759 ίγμᾶς
1518 4686 1628 4759 δημοσίᾳ
1663 4684 1799 4758 ἀκατακρί-

471 4795 522 4832 ncs
543 4781 680 4832 miserunt
700 4783 729 4830 in
750 4792 903 4840 carcerem,
919 4786 948 4833 ei
966 4791 1042 4832 nunc
1063 4792 1109 4833 oc·
1155 4796 1228 4848 σους,
1266 4774 1411 4848 θνθρώπους
1454 4774 1595 4849 Ῥωμαίους
1638 4774 1796 4849 ὑπάρχοντας
