4154 5452
262 286 320 344 lit
823 306 891 352 aer.
914 291 1010 364 7‚3-l.

260 433 380 501 ditavit
397 433 434 502 in
455 435 613 524 Claram·
630 437 778 526 legimns
792 442 872 506 Gen.
895 446 972 519 15,7
995 458 1085 524 :ego
1100 436 1262 503 Dominus
1283 431 1345 525 qui
1365 429 1517 499 eduxite
1537 429 1580 497 de

260 544 305 607 Ur
317 540 568 612 Chaldaeorum
576 598 589 629 ,Ι
603 549 638 613 et
647 548 727 612 Gen.
742 548 818 628 121
839 543 1026 629 :egredere
1045 540 1088 606 de
1108 546 1201 607 terra
1214 545 1290 620 tua3
1309 560 1398 631 quae
1417 535 1580 603 verbade

260 660 352 716 terra
376 661 438 717 tua
456 673 528 719 non
542 656 613 718 tam
637 650 680 717 ad
706 655 815 716 daran
838 648 1019 715 convenire
1041 644 1214 728 videntur,
1237 645 1297 712 ubi
1315 668 1388 713 non
1413 642 1501 710 adeo
1520 640 1580 707 diu

257 753 430 824 habitavit
449 761 483 824 et
501 755 562 823 ubi
582 777 653 822 non
667 761 742 823 crat
760 753 870 843 patria
894 753 986 833 cius,
1007 750 1068 819 sed
1090 753 1192 818 unice
1213 749 1259 818 ad
1278 751 1447 840 patriam,
1472 747 1517 817 ad
1537 751 1582 813 Ur

259 862 527 942 Chaldaeorum3
544 866 578 926 et
589 866 680 926 recte
695 857 843 926 advertit
853 857 895 925 de
909 857 1165 939 Hammelauer,
1186 878 1256 924 non
1270 856 1383 924 solum
1398 880 1437 925 ex
1452 861 1579 936 daran,

258 967 320 1035 sed
343 968 454 1056 ipsam
475 986 516 1032 ex
535 968 579 1031 Ur
599 964 847 1054 profectionem
874 969 979 1033 Deum
1004 964 1216 1055 praecepisse
1239 967 1322 1031 Gen.
1348 968 1425 1043 1r‚1
1458 962 1582 1029 :locus

258 1070 430 1162 siquidem
445 1069 633 1137 nativitatis
643 1064 717 1138 'non
733 1075 807 1138 erat
824 1075 952 1155 llaran,
970 1093 1083 1162 neque
1101 1077 1181 1161 apte
1201 1066 1384 1137 dicebatur
1408 1082 1502 1134 terra
1524 1080 1582 1133 trec

123 1208 125 1221 ·
257 1177 355 1243 locus
371 1174 410 1243 in
425 1197 494 1265 quo
509 1175 607 1243 brevi
622 1176 858 1245 tantummodo
871 1177 999 1245 Abram
1021 1176 1173 1244 substitit
1194 1176 1399 1265 (Commeat.
1421 1172 1458 1239 in
1472 1177 1581 1241 Gene-

256 1282 310 1348 sin
324 1304 361 1371 p.
379 1280 477 1372 363);
493 1286 527 1349 ε1
545 1281 668 1351 eodem
684 1284 786 1351 modo
800 1285 885 1352 Noh.
908 1290 965 1366 9,7
982 1281 1160 1353 :eduxisti
1174 1303 1255 1369 eum
1270 1281 1313 1349 de
1328 1284 1374 1361 Ur
1388 1278 1582 1348 Chaldaeo-

257 1408 355 1456 rum.
375 1391 484 1466 Quare
508 1390 630 1456 merito
643 1391 756 1480 potuit
778 1391 971 1478 Stephanus
980 1388 1085 1456 verba
1102 1387 1164 1455 illa
1186 1391 1270 1456 Gen.
1289 1394 1365 1475 ¹22¹
1386 1387 1515 1475 referre
1536 1383 1581 1460 ad

257 1500 483 1584 praeceptum
506 1493 642 1561 Domini
660 1501 698 1562 ut
709 1494 815 1562 exiret
826 1517 865 1561 ex
877 1499 921 1562 Ur
933 1493 1198 1576 Chaldaeorum,
1214 1493 1287 1561 soil.
1305 1515 1346 1559 ex
1362 1492 1490 1559 celebri
1505 1490 1578 1571 illa,

257 1599 345 1669 urbe
366 1603 457 1681 Uru,
492 1621 586 1667 nunc
604 1600 771 1687 llughair‚
794 1599 859 1667 sita
872 1599 965 1667 haud
980 1600 1098 1688 procul
1118 1598 1163 1666 ab
1184 1598 1390 1666 occidentali
1414 1598 1493 1688 ripa
1514 1601 1580 1664 Eu-

256 1703 391 1794 phratis
409 1704 454 1772 ad
484 1704 703 1796 Pallacopam
732 1704 788 1795 (cf.
818 1705 859 1773 de
880 1704 1126 1773 Hammelauer
1150 1704 1176 1771 1.
1206 1728 1234 1772 c.
1264 1727 1299 1794 p.
1327 1704 1422 1793 361).
1451 1702 1582 1771 Dicitur

257 1812 499 1901 llesopotamia
523 1832 623 1879 sensu
636 1810 758 1880 latiore
773 1810 884 1880 omnis
907 1810 970 1879 illa
984 1812 1078 1899 regio
1099 1810 1145 1878 ad
1158 1798 1357 1899 Euphraten
1373 1817 1408 1875 et
1429 1807 1578 1895 Tigrim;

258 1939 299 1985 ex
313 1921 358 1986 Ur
371 1916 534 2005 migravit
550 1917 588 1985 in
604 1919 740 1987 Charan
757 1918 914 2007 (Haran);
930 1923 1005 1986 erat
1027 1919 1114 2003 haec
1129 1916 1256 1984 nobilis
1275 1915 1358 2005 urbs
1384 1914 1429 1982 ad
1449 1913 1581 1981 Beliam

173 2069 176 2077 -
257 2023 407 2106 flumen,
425 2030 517 2091 recto
529 2024 602 2093 fere
615 2023 836 2092 itinereinter
848 2022 981 2092 Nisibin
995 2028 1029 2091 et
1042 2023 1219 2113 Gargamis
1237 2022 1275 2109 (l.
1293 2045 1323 2090 c.
1342 2045 1378 2112 p.
1398 2021 1493 2111 363).

302 2128 450 2197 Proinde
464 2128 648 2199 difficultas
663 2129 701 2198 in
714 2131 780 2198 hoc
794 2135 886 2198 textu
898 2151 966 2197 non
983 2135 1033 2197 est
1045 2124 1140 2198 tanta
1154 2136 1284 2220 quanta
1296 2128 1470 2218 aliquibus
1485 2126 1583 2193 vide·

257 2240 326 2303 tur.
349 2234 466 2303 Omnis
487 2234 608 2326 utique
634 2236 760 2304 umbra
789 2235 933 2304 alicuius
962 2235 1242 2304 contradictionis
1272 2257 1351 2304 cum
1380 2234 1580 2301 narratione

259 2346 342 2410 Gen.
372 2345 583 2424 11,31-1a‚2
613 2341 801 2426 evanescit,
825 2342 855 2410 si
890 2339 1029 2428 legitur,
1054 2341 1105 2409 uti
1140 2342 1178 2408 in
1209 2347 1327 2407 vetere
1361 2339 1471 2407 latina
1504 2361 1580 2405 ver-

258 2445 353 2514 sione
375 2450 487 2518 :Deus
505 2446 637 2534 gloriae
661 2447 821 2539 apparuit
838 2448 928 2539 patri
942 2453 1056 2515 nostro
1076 2447 1236 2533 Abrahae
1259 2468 1339 2513 cnm
1360 2452 1449 2512 esset
1464 2446 1498 2511 in
1516 2450 1580 2511 lle·

258 2552 452 2642 sopotamia
473 2551 512 2619 in
533 2552 685 2634 Charan3
706 2576 812 2644 quare
835 2575 875 2621 ex
893 2558 918 2620 1)
936 2553 1029 2621 bunc
1046 2575 1145 2643 posse
1171 2554 1276 2620 statui
1302 2559 1434 2619 textam
1458 2551 1581 2641 primi·

257 2658 401 2744 genium
415 2657 505 2727 Belo.
523 2664 637 2727 censet
653 2681 661 2727 :
679 2666 740 2729 ἕντι
754 2668 784 2728 ἐν
798 2670 834 2749 ’τῆ
849 2662 1063 2750 Μεσοποταμίᾳ
1079 2662 1153 2744 μετὰ
1167 2670 1201 2729 τὲ
1216 2662 1375 2728 ἀποθανεῖν
1393 2669 1443 2727 τὶν
1463 2669 1580 2745 πατέρα
1700 2665 1703 2670 ’

256 2768 344 2832 αὑτοῦ
358 2770 391 2831 et
406 2785 438 2832 V.
461 2770 543 2833 bsai
555 2767 714 2853 μετῴκισεν
726 2770 813 2835 aitte
824 2769 866 2846 εἷς
882 2775 934 2849 τὴν
954 2784 1010 2853 γῆν
1025 2775 1146 2851 ταύτην.
1164 2766 1274 2832 Etiam
1293 2768 1456 2832 Irenaeus
1471 2762 1578 2829 verba

256 2868 378 2937 recitat
396 2868 435 2937 in
449 2872 543 2938 hunc
557 2870 724 2939 modum:
744 2876 830 2939 Deus
842 2870 974 2959 gloriae
994 2870 1083 2938 visus
1102 2877 1152 2938 est
1170 2874 1263 2960 patri
1282 2877 1398 2939 nostro
1418 2870 1578 2937 Abrahae

256 2980 295 3051 et
313 2975 400 3043 dixit
419 2975 464 3044 ad
480 2998 560 3044 enm
588 2996 597 3044 t
621 2977 675 3045 exi
693 2976 736 3045 de
754 2983 845 3044 terra
863 2983 923 3044 tua
945 2981 978 3043 et
1001 2975 1044 3044 de
1068 2977 1276 3064 cognatione
1296 2985 1357 3045 tua
1380 2984 1415 3044 et
1440 2975 1519 3043 reni
1543 2975 1580 3042 in

256 3089 386 3149 terram
407 3103 513 3171 quam
532 3082 771 3150 demonstrabo
795 3082 859 3150 tibi
888 3090 921 3150 et
944 3081 1118 3151 transtulit
1144 3083 1245 3151 illum
1270 3083 1305 3150 in
1333 3091 1463 3151 terrem
1488 3082 1579 3148 hano

257 3208 361 3277 quam
377 3209 470 3256 nunc
483 3195 517 3257 et
529 3210 587 3256 vos
598 3173 800 3256 inhabitatis
814 3188 903 3276 (adv.
918 3188 1013 3257 haer.
1028 3195 1184 3271 3,12,10;
1202 3191 1250 3256 M.
1263 3189 1395 3279 raet),
1408 3189 1473 3256 nisi
1488 3189 1578 3254 forte

258 3293 425 3361 dicendus
438 3293 481 3360 sit
498 3292 603 3361 rerba
626 3294 792 3384 Stephani
818 3293 1021 3384 compendio
1046 3296 1186 3362 reterre.
1212 3296 1449 3381 lligrationem
1472 3318 1511 3360 ox
1536 3299 1579 3361 Ur

257 3400 384 3466 factam
411 3420 483 3467 esse
509 3399 596 3467 duco
620 3399 759 3467 oraculo
785 3398 901 3467 divino
924 3400 1021 3466 Philo
1047 3423 1186 3491 quoque
1215 3401 1367 3468 affirmat
1391 3402 1575 3470 scribens:

257 3513 397 3594 δευτέραν
420 3513 452 3574 δὲ
474 3507 609 3575 ἀποικίαν
632 3513 788 3576 assabatur
808 3515 901 3594 λαγίῳ
920 3513 1009 3575 πάλιν
1028 3513 1157 3588 πεισθεὶς
1178 3507 1215 3574 in
1234 3508 1424 3575 secundam
1445 3509 1577 3595 migra·

257 3611 388 3679 tionem
407 3612 554 3679 mittitur
571 3612 711 3679 oraculo
732 3610 856 3680 iterum
877 3611 1054 3693 obediens,
1080 3634 1153 3680 non
1176 3613 1246 3680 iam
1267 3636 1307 3680 ex
1336 3636 1405 3680 una
1429 3615 1515 3681 urbe
1541 3616 1578 3681 in

255 3716 380 3799 aliam,
400 3717 509 3784 sedin
524 3717 700 3804 regionem
714 3717 883 3786 desertam
901 3717 956 3805 (de
970 3718 1143 3786 Abraham
1166 3721 1196 3803 t.
1213 3718 1283 3800 18).

301 3827 389 3889 Deus
413 3823 561 3891 electum
580 3823 730 3891 amicum
749 3846 819 3892 non
838 3824 950 3891 statim
969 3823 1068 3891 iussit
1087 3823 1239 3912 migrare
1258 3826 1443 3894 interram
1461 3828 1578 3917 palae·
1637 3894 1640 3901 .

254 3927 458 4010 atinensem
481 3928 577 4019 prius
598 3934 751 3998 moratus
768 3935 818 3997 est
839 3929 878 3997 in
898 3930 1049 4012 charan,
1074 3928 1109 3997 in
1142 3930 1285 4018 regione
1316 3932 1447 4014 aliena,
1472 3941 1505 4001 et
1522 3933 1578 4001 ibi

253 4056 393 4125 quoque
405 4034 438 4102 ei
453 4057 489 4102 se
504 4034 732 4103 manisestavit
749 4057 757 4105 :
782 4049 814 4103 et
830 4034 909 4103 inde
920 4049 1103 4127 postquam
1126 4051 1280 4106 mortuus
1299 4052 1348 4107 cst
1366 4053 1468 4130 poter
1483 4041 1574 4124 eins,

253 4162 297 4209 en
315 4139 464 4208 maiores
477 4141 594 4231 stirpis
605 4142 730 4210 electae
742 4149 867 4209 terram
883 4141 979 4209 illam
999 4157 1153 4210 ranetam
1168 4166 1213 4212 ne
1237 4145 1400 4213 viderunt
1416 4145 1574 4235 quidem!

252 4245 432 4315 tramtulit
463 4245 619 4314 illumin
640 4262 767 4317 terram
790 4248 911 4330 istoru,
933 4248 968 4315 io
990 4272 1060 4338 quo
1082 4272 1174 4318 ›rurrc
1192 4236 1255 4318 vos
1276 4251 1462 4336 traditoria·
1488 4251 1577 4321 illud

252 4340 437 4443 postquem
451 4362 514 4421 etc.
532 4352 697 4421 omissum
705 4354 800 4423 estin
810 4356 887 4443 gig;
900 4354 1007 4423 eritne
1019 4355 1170 4424 deletum
1181 4356 1225 4424 ob
1236 4357 1476 4425 difficultatem
1488 4381 1576 4448 quae

253 4482 293 4528 ex
307 4463 390 4530 Gen.
407 4465 520 4544 1136.
538 4464 626 4527 eret
642 4465 719 4544 rat
733 4462 862 4528 oritur?
881 4464 964 4528 Nam
985 4462 1035 4530 ibi
1052 4461 1179 4529 dieitur
1198 4483 1207 4530 :
1225 4464 1335 4532 Thare
1349 4464 1433 4531 vixit
1449 4472 1491 4531 70
1513 4488 1577 4533 an-

198 4625 204 4635 .
253 4566 306 4632 nis
327 4574 361 4633 et
374 4567 496 4654 genuit
514 4564 640 4634 Abram
657 4572 691 4633 et
704 4567 837 4635 Naebor
854 4574 888 4634 et
899 4572 1008 4647 ,lran;
1025 4569 1104 4635 faeti
1119 4575 1199 4634 sunt
1212 4567 1286 4636 dies
1298 4571 1409 4637 Thare
1426 4577 1490 4639 :205
1513 4594 1574 4639 an-

251 4672 539 4753 norum31lbram
563 4677 635 4740 erat
649 4679 692 4740 75
715 4694 886 4741 annorum
914 4696 991 4742 cum
1010 4673 1235 4762 egrederetur
1266 4675 1309 4742 de
1336 4681 1464 4745 llaran.
1481 4678 1575 4745 Unde
