4092 5490
1048 400 1117 444 acu.
1141 384 1300 451 luat-ta.
1771 390 1831 452 239

505 531 638 601 dictum
653 540 717 614 est,
733 536 782 602 ait
796 532 908 613 Beda,
925 531 993 597 hoo
1004 529 1075 597 iam
1089 529 1156 596 sibi
1171 528 1302 597 dictum
1316 530 1528 598 arbitrantur
1541 536 1704 621 apostoli,
1720 559 1829 605 mem-

505 638 569 709 bra
593 662 630 708 se
653 639 817 708 videlicet
836 635 931 701 illius
954 655 1025 701 esse
1045 634 1250 717 recolentes,
1272 637 1358 703 sicut
1374 636 1477 703 etiam
1496 636 1569 727 ipse
1584 647 1726 728 propter
1739 644 1829 712 eius-

503 745 582 815 dem
603 745 756 834 corporis
774 741 941 808 unionem
960 740 1046 808 dixit
1067 762 1075 810 ε
1097 741 1209 823 Saule,
1227 740 1312 830 quid
1329 763 1383 810 me
1396 743 1635 833 persequeris?
1647 748 1829 834 Apostolus

502 850 696 941 prudenter
720 846 765 914 ad
794 847 1003 938 prophetam
1029 853 1210 937 provocat,
1239 849 1335 916 euius
1355 848 1592 918 auctoritatem
1616 849 1733 917 ludaei
1758 872 1828 919 non

503 959 645 1044 possunt
667 975 739 1021 nou
766 974 953 1041 agnoscere
973 957 1008 1021 et
1026 954 1192 1035 revereri3
1212 954 1240 1022 si
1258 954 1369 1024 solum
1384 959 1606 1046 praeceptum
1622 959 1694 1022 lesu
1710 961 1828 1045 protu-

501 1059 610 1141 lisset,
637 1059 725 1138 illud
747 1060 849 1128 flocci
872 1059 1044 1127 fecissent.
1071 1060 1127 1127 llis
1150 1066 1265 1129 autem
1287 1060 1400 1129 verbis
1420 1066 1454 1130 ct
1477 1063 1600 1130 vulnus
1623 1061 1828 1130 ludaeorum

502 1166 682 1236 recruduit
696 1173 732 1236 et
745 1165 931 1254 gentilium
946 1163 1115 1251 gaudium
1127 1170 1266 1233 auctum
1281 1171 1330 1233 est
1344 1165 1423 1255 (Cal
1459 1166 1496 1255 .).

547 1279 597 1342 En
613 1272 709 1366 quod
730 1270 849 1339 ludaei
868 1291 934 1360 pra
959 1290 1022 1339 sua
1044 1275 1078 1336 et
1099 1270 1261 1359 superbia
1281 1276 1315 1338 et
1333 1270 1464 1339 invidia
1482 1272 1689 1358 reiecerunt,
1707 1282 1829 1362 gentes

502 1402 581 1448 cum
600 1377 730 1466 gaudio
749 1375 941 1467 suscipiunt
964 1398 997 1443 v.
1022 1382 1064 1444 t8
1079 1374 1257 1444 audientes
1279 1389 1392 1444 autem
1412 1388 1531 1467 pentes
1545 1378 1688 1469 pacisce
1698 1393 1780 1447 aaut
1796 1394 1828 1448 et

500 1484 744 1575 qtorrfieabaut
760 1483 900 1550 varicem
920 1480 1001 1564 Dei,
1023 1483 1261 1570 evangelium,
1286 1483 1450 1552 encomiis
1464 1483 1641 1553 celebrant
1654 1486 1751 1576 quod
1762 1486 1829 1554 sibi

500 1612 564 1680 per
586 1590 755 1681 apostolos
779 1588 858 1656 tulis
880 1585 1023 1656 nuntius
1048 1588 1107 1655 Dei
1129 1588 1333 1673 innotescat,
1361 1603 1395 1658 et
1418 1589 1638 1662 erediderunt
1660 1603 1828 1681 quotquot

501 1710 601 1763 eraut
613 1695 863 1787 praeordinati
883 1692 932 1762 ad
953 1694 1062 1762 vitam
1080 1705 1255 1762 aeternam
1271 1707 1446 1783 τεταγμένοι
1462 1699 1504 1777 εἰς
1523 1705 1600 1781 ζωὴν
1617 1699 1731 1766 αἰώνιον
1751 1696 1775 1763 i.
1793 1720 1824 1765 e.

501 1801 667 1886 ordinati,
689 1804 727 1870 in
746 1823 788 1870 ea
806 1801 896 1870 serie
910 1799 1095 1891 positique
1109 1800 1262 1868 tenditur
1280 1800 1444 1869 advitam
1459 1807 1651 1885 aeternam,
1668 1803 1724 1872 vel
1734 1803 1772 1871 in
1784 1825 1825 1872 ec

500 1909 621 1977 ordine
641 1931 682 1977 ac
700 1908 841 1976 tramite
857 1905 1017 1974 collocati
1036 1927 1104 1996 quo
1121 1911 1172 1975 cst
1186 1906 1298 1974 aditus
1314 1906 1361 1975 ad
1373 1908 1498 1993 vitam3
1514 1908 1591 1977 aliis
1607 1909 1722 1977 verbis
1738 1929 1746 1977 τ
1764 1910 1825 2001 qui

500 2020 600 2082 erant
620 2013 779 2103 dispositi
801 2011 847 2080 ud
873 2012 980 2080 vitam
1004 2017 1179 2080 aeternam
1205 2014 1490 2104 amplectendam.
1514 2014 1723 2106 Exprimitur
1748 2016 1822 2085 scil.

501 2121 672 2209 oppositio
694 2119 740 2187 ad
766 2117 911 2186 ludaeos
938 2118 999 2208 qui
1024 2118 1198 2208 repellunt
1221 2119 1370 2187 ablatum
1392 2119 1458 2187 sibi
1481 2118 1588 2187 vitam
1607 2125 1643 2188 ct
1660 2142 1701 2188 ea
1719 2142 1754 2187 se
1769 2121 1824 2187 in·

499 2225 624 2313 dignos
643 2223 812 2292 iudicant.
834 2223 1009 2302 Quomodo
1034 2222 1104 2295 sint
1121 2223 1287 2307 ordinati,
1311 2224 1481 2315 dispositi,
1506 2225 1663 2315 explicite
1684 2247 1754 2294 non
1774 2226 1825 2293 di·

500 2331 599 2416 eitur,
625 2331 686 2400 sed
713 2331 815 2399 facile
839 2328 1034 2418 colligitur;
1059 2351 1140 2397 nam
1165 2352 1244 2398 cum
1275 2330 1528 2422 praedicatione
1554 2336 1696 2400 externa
1719 2332 1824 2401 etiam

500 2436 725 2526 coniungitur
744 2435 860 2525 gratia
878 2436 1033 2515 interna;
1050 2434 1142 2503 unde
1157 2435 1270 2524 gratia
1291 2435 1349 2504 uei
1367 2438 1608 2526 praeveniente
1630 2446 1710 2506 sunt
1729 2439 1825 2507 ordi·

500 2545 590 2628 nati,
620 2565 726 2633 quarn
754 2543 905 2630 gratiam
932 2541 1051 2609 ludaei
1074 2540 1228 2609 oblatam
1257 2542 1498 2632 repudiarunt,
1528 2565 1633 2633 wem
1655 2545 1757 2612 multi
1784 2566 1825 2612 ex

499 2648 691 2738 gentilibus
707 2647 809 2716 avide
823 2653 1057 2736 susceperunt.
1075 2648 1189 2714 Gratia
1201 2648 1259 2715 liei
1272 2648 1388 2737 itaque
1401 2648 1586 2716 efficaciter
1599 2655 1765 2717 vocantur
1780 2650 1824 2717 ad

499 2755 605 2824 fidem
631 2758 801 2846 quotquot
826 2751 989 2836 credunt3
1017 2751 1102 2820 haec
1122 2753 1256 2820 vocatio
1279 2753 1398 2821 divina
1417 2754 1605 2837 antecedit3
1635 2756 1701 2823 hac
1721 2777 1825 2823 voca-

500 2863 594 2930 tione
620 2883 699 2947 cum
725 2860 849 2928 effectu
873 2864 959 2926 Deus
985 2881 1062 2927 suos
1084 2858 1151 2926 sibi
1172 2858 1282 2947 eligit.
1309 2864 1393 2928 Sunt
1418 2860 1534 2950 itaque
1556 2872 1749 2950 τεταγμένοι,
1775 2863 1826 2929 uti

503 2967 581 3036 aar.
607 2966 708 3050 dicit,
733 2970 932 3055 deoptantur
951 2976 994 3053 τῷ
1020 2968 1107 3053 Oeta
1133 2966 1180 3032 ita
1198 2971 1234 3031 ut
1251 2986 1291 3032 ex
1303 2970 1400 3055 parte
1415 2953 1473 3033 [toi
1488 2966 1671 3055 praecedat
1685 2989 1754 3035 non
1770 2976 1826 3036 so·'

500 3074 574 3143 lum
592 3080 762 3162 πρὲγνωσις
785 3069 1015 3160 (Ammonius)
1042 3071 1104 3139 aed
1126 3076 1293 3161 πρὲγνωσις
1315 3078 1363 3139 aui
1382 3079 1575 3161 προορισμός,
1599 3077 1636 3139 ut
1653 3072 1825 3163 Didymus

499 3180 537 3246 in
558 3185 624 3247 cat.
655 3179 714 3246 ait.
742 3163 870 3265 rigitur
892 3175 1132 3243 devocatione
1152 3175 1282 3244 eilicaci
1305 3176 1349 3243 ad
1370 3176 1491 3260 fidem,
1511 3200 1581 3268 qua
1595 3178 1709 3246 aditus
1722 3200 1825 3269 prae·

500 3291 645 3375 paratur
668 3283 713 3351 ad
738 3283 846 3351 vitam
867 3287 1065 3365 aeteruam;
1089 3302 1190 3349 nemo
1207 3288 1323 3349 autem
1336 3282 1430 3349 venit
1444 3283 1488 3351 ad
1508 3283 1625 3368 tidem,
1642 3306 1744 3352 nemo
1763 3306 1825 3373 po·

500 3397 565 3460 test
579 3391 697 3459 venire
711 3390 757 3457 ad
771 3395 898 3470 lesum,
918 3388 984 3454 nisi
998 3392 1098 3454 Pater
1112 3388 1250 3455 traxerit
1263 3408 1341 3456 eum
1357 3388 1463 3476 (toan.
1481 3390 1594 3479 c,tt);
1611 3396 1692 3458 sunt
1705 3390 1823 3480 itaque

500 3508 678 3585 retorqueret
698 3495 752 3563 illi
775 3493 838 3585 qui
867 3494 968 3562 tracti
998 3500 1078 3560 sunt
1105 3515 1126 3559 a
1150 3497 1265 3574 Patre,
1298 3499 1377 3562 sunt
1399 3494 1492 3562 docti
1514 3494 1565 3562 illi
1593 3517 1614 3563 a
1636 3500 1702 3564 Deo
1724 3496 1763 3586 (l.
1791 3519 1823 3567 c.

501 3610 544 3672 rs.
562 3604 691 3693 sam).

541 3812 586 3870 De
603 3806 896 3888 praedestinatione
916 3805 956 3866 ad
977 3804 1114 3882 gloriam
1135 3808 1208 3865 ante
1228 3803 1371 3883 praevisa
1388 3804 1502 3866 merita
1520 3805 1572 3867 vel
1586 3814 1661 3884 post
1679 3809 1824 3887 praevisa
1951 3844 1955 3853 ·

501 3908 618 3968 merita
632 3921 738 3966 sermo
756 3903 942 3965 nullatenus
957 3906 1017 3962 est.
1035 3901 1070 3962 ld
1084 3900 1146 3961 iam
1163 3917 1201 3962 ex
1216 3916 1254 3962 eo
1268 3906 1415 3980 apparet,
1431 3901 1510 3981 quia
1527 3918 1625 3964 nemo
1644 3921 1823 3985 supponere

501 4008 607 4084 potest
621 4003 742 4063 Lucam
759 4000 899 4063 uoluisse
916 4014 1059 4060 asserere
1076 4015 1188 4059 omncs
1201 3998 1272 4059 illos
1287 4001 1319 4059 et
1333 3998 1417 4059 solos
1433 3998 1505 4060 illos
1519 4003 1589 4060 tum
1604 4000 1703 4062 tidem
1718 4019 1826 4065 susce·

489 4103 588 4182 pisse
606 4099 663 4178 qui
684 4099 714 4159 vi
735 4096 1037 4178 praedestinationis
1052 4095 1092 4157 ad
1107 4095 1242 4174 gloriam
1258 4094 1419 4158 decessuri
1434 4100 1543 4157 essent
1555 4096 1589 4157 in
1605 4098 1715 4176 gratia.
1733 4100 1824 4162 Haud

500 4199 663 4261 immerito
682 4197 838 4258 adnotant
854 4193 908 4255 alii
930 4193 995 4255 dici
1014 4192 1066 4254 hic
1085 4193 1182 4255 vitam
1201 4198 1364 4255 aeternam
1382 4209 1440 4272 per
1457 4194 1688 4274 metonymiam
1707 4194 1747 4258 de
1762 4198 1825 4260 lide

501 4298 648 4367 salvifica,
668 4312 732 4373 qua
749 4309 868 4370 nempe
887 4290 1094 4371 perveniatur
1107 4290 1147 4351 ad
1162 4289 1260 4351 uitam
1274 4294 1449 4365 aeternam,
1463 4291 1587 4354 attrita
1600 4297 1729 4354 aeterna
1743 4295 1824 4357 dici-

500 4399 554 4457 tur
573 4396 659 4457 loan.
683 4393 754 4467 17,3
775 4386 899 4470 (Beati,
919 4386 983 4463 vel,
999 4392 1037 4448 ut
1055 4384 1145 4448 Patr.
1168 4387 1302 4465 explicat
1322 4404 1329 4447 :
1351 4387 1568 4461 crediderunt,
1585 4393 1742 4470 quotquot
1765 4409 1825 4471 per

501 4489 825 4572 praedestinationem
845 4487 885 4548 ad
905 4485 1002 4548 fldem
1023 4484 1238 4564 praeordinati
1260 4488 1349 4546 erant
1369 4485 1407 4545 ad
1428 4484 1527 4546 vitam
1545 4491 1720 4548 aeternam.
1741 4488 1823 4552 Sunt

503 4591 612 4670 itaque
627 4587 783 4669 τιταγμίνοι
802 4587 826 4647 ii
843 4600 1064 4664 quoscumque
1085 4582 1285 4644 advocaverit
1306 4583 1388 4644 Deus
1405 4582 1513 4663 (239),
1531 4583 1564 4643 in
1579 4600 1659 4663 quos
1678 4588 1769 4664 quasi
1787 4587 1821 4650 in

501 4704 574 4750 rasa
589 4684 829 4748 misericordiae
845 4680 1016 4746 ostendere
1030 4680 1099 4741 vult
1115 4679 1240 4741 diritius
1255 4679 1373 4758 gloriae
1387 4697 1460 4742 suae
1475 4696 1557 4758 quos
1573 4683 1822 4761 praeparatitia

501 4785 634 4867 gloriam
650 4786 756 4864 (Rom.
776 4781 875 4862 933).
890 4816 931 4828 -
948 4781 1015 4842 lloc
1028 4779 1100 4840 loeo
1114 4778 1207 4840 abusi
1224 4783 1299 4841 sunt
1314 4778 1404 4852 Beza,
1422 4777 1584 4856 Calvinus,
1602 4783 1637 4840 ut
1651 4781 1822 4860 probarent
