<?xml version="1.0" encoding="UTF-8"?>
<!DOCTYPE html PUBLIC "-//W3C//DTD XHTML 1.0 Transitional//EN"
    "http://www.w3.org/TR/xhtml1/DTD/xhtml1-transitional.dtd">
<html xmlns="http://www.w3.org/1999/xhtml" xml:lang="en" lang="en">
 <head>
  <title>
</title>
<meta http-equiv="Content-Type" content="text/html;charset=utf-8" />
  <meta name='ocr-system' content='tesseract 3.04.00' />
  <meta name='ocr-capabilities' content='ocr_page ocr_carea ocr_par ocr_line ocrx_word'/>
</head>
<body>
  <div class='ocr_page' id='page_1' title='image "./commentariusina00knabgoog/commentariusina00knabgoog_0025.png"; bbox 0 0 4128 5442; ppageno 0'>
   <div class='ocr_carea' id='block_1_1' title="bbox 22 366 84 405">
    <p class='ocr_par' dir='ltr' id='par_1_1' title="bbox 22 366 84 405">
     <span class='ocr_line' id='line_1_1' title="bbox 22 366 84 405; baseline 0 0"><span class='ocrx_word' id='word_1_1' title='bbox 22 366 27 375; x_wconf 92' lang='lat'>&#39;</span> <span class='ocrx_word' id='word_1_2' title='bbox 76 370 84 405; x_wconf 93' lang='lat' dir='ltr'><strong>l</strong></span> 
     </span>
    </p>
   </div>
   <div class='ocr_carea' id='block_1_2' title="bbox 249 298 1091 393">
    <p class='ocr_par' dir='ltr' id='par_1_2' title="bbox 249 298 1091 393">
     <span class='ocr_line' id='line_1_2' title="bbox 249 298 1091 393; baseline 0 -35"><span class='ocrx_word' id='word_1_3' title='bbox 249 298 287 358; x_wconf 79' lang='grc'><strong>18</strong></span> <span class='ocrx_word' id='word_1_4' title='bbox 711 314 759 361; x_wconf 61' lang='lat' dir='ltr'><strong>“ne</strong></span> <span class='ocrx_word' id='word_1_5' title='bbox 779 316 914 363; x_wconf 80' lang='grc'><strong>66616666</strong></span> <span class='ocrx_word' id='word_1_6' title='bbox 933 316 1091 393; x_wconf 82' lang='grc'><strong>66666666.</strong></span> 
     </span>
    </p>
   </div>
   <div class='ocr_carea' id='block_1_3' title="bbox 242 411 1570 1110">
    <p class='ocr_par' dir='ltr' id='par_1_3' title="bbox 242 411 1570 1110">
     <span class='ocr_line' id='line_1_3' title="bbox 247 411 1568 529; baseline -0.002 -20"><span class='ocrx_word' id='word_1_7' title='bbox 247 450 354 509; x_wconf 83' lang='grc'><strong>116616.</strong></span> <span class='ocrx_word' id='word_1_8' title='bbox 364 411 496 528; x_wconf 76' lang='lat' dir='ltr'><strong>quiiem</strong></span> <span class='ocrx_word' id='word_1_9' title='bbox 515 448 568 511; x_wconf 86' lang='lat' dir='ltr'><strong>ria</strong></span> <span class='ocrx_word' id='word_1_10' title='bbox 584 466 625 511; x_wconf 91' lang='lat' dir='ltr'><strong>ea</strong></span> <span class='ocrx_word' id='word_1_11' title='bbox 643 448 788 529; x_wconf 81' lang='lat' dir='ltr'><strong>procedit</strong></span> <span class='ocrx_word' id='word_1_12' title='bbox 806 466 907 526; x_wconf 90' lang='lat' dir='ltr'><strong>nsque</strong></span> <span class='ocrx_word' id='word_1_13' title='bbox 926 449 966 511; x_wconf 88' lang='lat' dir='ltr'><strong>ad</strong></span> <span class='ocrx_word' id='word_1_14' title='bbox 985 452 1128 517; x_wconf 87' lang='lat' dir='ltr'><strong>mortem</strong></span> <span class='ocrx_word' id='word_1_15' title='bbox 1147 448 1317 526; x_wconf 89' lang='lat' dir='ltr'><strong>Stephani;</strong></span> <span class='ocrx_word' id='word_1_16' title='bbox 1339 447 1422 515; x_wconf 87' lang='lat' dir='ltr'><strong>inde·</strong></span> <span class='ocrx_word' id='word_1_17' title='bbox 1435 448 1473 511; x_wconf 82' lang='lat' dir='ltr'><strong>fit</strong></span> <span class='ocrx_word' id='word_1_18' title='bbox 1491 463 1568 508; x_wconf 91' lang='lat' dir='ltr'><strong>cum</strong></span> 
     </span>
     <span class='ocr_line' id='line_1_4' title="bbox 246 542 1570 625; baseline -0.002 -18"><span class='ocrx_word' id='word_1_19' title='bbox 246 544 445 625; x_wconf 80' lang='lat' dir='ltr'><strong>dispersione</strong></span> <span class='ocrx_word' id='word_1_20' title='bbox 459 545 690 625; x_wconf 90' lang='lat' dir='ltr'><strong>discipulorum</strong></span> <span class='ocrx_word' id='word_1_21' title='bbox 708 544 897 604; x_wconf 77' lang='lat' dir='ltr'><strong>narrationis</strong></span> <span class='ocrx_word' id='word_1_22' title='bbox 909 561 1038 621; x_wconf 92' lang='lat' dir='ltr'><strong>quoque</strong></span> <span class='ocrx_word' id='word_1_23' title='bbox 1054 545 1169 605; x_wconf 83' lang='lat' dir='ltr'><strong>divisio</strong></span> <span class='ocrx_word' id='word_1_24' title='bbox 1186 545 1367 624; x_wconf 83' lang='lat' dir='ltr'><strong>tripartita,</strong></span> <span class='ocrx_word' id='word_1_25' title='bbox 1384 548 1510 614; x_wconf 87' lang='lat' dir='ltr'><strong>cumet</strong></span> <span class='ocrx_word' id='word_1_26' title='bbox 1528 542 1570 605; x_wconf 88' lang='lat' dir='ltr'><strong>de</strong></span> 
     </span>
     <span class='ocr_line' id='line_1_5' title="bbox 243 639 1570 724; baseline -0.002 -20"><span class='ocrx_word' id='word_1_27' title='bbox 243 642 391 724; x_wconf 88' lang='lat' dir='ltr'><strong>Philippo</strong></span> <span class='ocrx_word' id='word_1_28' title='bbox 403 641 596 706; x_wconf 90' lang='lat' dir='ltr'><strong>narrandum</strong></span> <span class='ocrx_word' id='word_1_29' title='bbox 613 642 656 701; x_wconf 90' lang='lat' dir='ltr'><strong>sit</strong></span> <span class='ocrx_word' id='word_1_30' title='bbox 675 644 709 701; x_wconf 91' lang='lat' dir='ltr'><strong>et</strong></span> <span class='ocrx_word' id='word_1_31' title='bbox 726 639 766 700; x_wconf 89' lang='lat' dir='ltr'><strong>de</strong></span> <span class='ocrx_word' id='word_1_32' title='bbox 786 640 878 700; x_wconf 88' lang='lat' dir='ltr'><strong>Petro</strong></span> <span class='ocrx_word' id='word_1_33' title='bbox 895 644 929 701; x_wconf 91' lang='grc'><strong>61</strong></span> <span class='ocrx_word' id='word_1_34' title='bbox 945 639 986 700; x_wconf 92' lang='lat' dir='ltr'><strong>de</strong></span> <span class='ocrx_word' id='word_1_35' title='bbox 1006 639 1115 713; x_wconf 88' lang='lat' dir='ltr'><strong>Paulo,</strong></span> <span class='ocrx_word' id='word_1_36' title='bbox 1131 641 1195 702; x_wconf 88' lang='lat' dir='ltr'><strong>nisi</strong></span> <span class='ocrx_word' id='word_1_37' title='bbox 1218 641 1317 703; x_wconf 89' lang='lat' dir='ltr'><strong>etiam</strong></span> <span class='ocrx_word' id='word_1_38' title='bbox 1333 649 1482 722; x_wconf 87' lang='lat' dir='ltr'><strong>quartam</strong></span> <span class='ocrx_word' id='word_1_39' title='bbox 1505 644 1570 702; x_wconf 89' lang='lat' dir='ltr'><strong>sta·</strong></span> 
     </span>
     <span class='ocr_line' id='line_1_6' title="bbox 242 735 1570 809; baseline -0.004 -6"><span class='ocrx_word' id='word_1_40' title='bbox 242 747 335 804; x_wconf 90' lang='lat' dir='ltr'><strong>tuere</strong></span> <span class='ocrx_word' id='word_1_41' title='bbox 354 739 507 809; x_wconf 82' lang='lat' dir='ltr'><strong>volueris,</strong></span> <span class='ocrx_word' id='word_1_42' title='bbox 524 737 564 798; x_wconf 90' lang='lat' dir='ltr'><strong>de</strong></span> <span class='ocrx_word' id='word_1_43' title='bbox 582 736 681 796; x_wconf 88' lang='lat' dir='ltr'><strong>initiis</strong></span> <span class='ocrx_word' id='word_1_44' title='bbox 699 735 852 797; x_wconf 88' lang='lat' dir='ltr'><strong>ecelesiae</strong></span> <span class='ocrx_word' id='word_1_45' title='bbox 870 735 1116 798; x_wconf 79' lang='lat' dir='ltr'><strong>antiochenae...</strong></span> <span class='ocrx_word' id='word_1_46' title='bbox 1135 735 1291 799; x_wconf 82' lang='lat' dir='ltr'><strong>Addenda</strong></span> <span class='ocrx_word' id='word_1_47' title='bbox 1311 738 1476 801; x_wconf 87' lang='grc'><strong>666166116</strong></span> <span class='ocrx_word' id='word_1_48' title='bbox 1497 737 1570 798; x_wconf 89' lang='lat' dir='ltr'><strong>laus</strong></span> 
     </span>
     <span class='ocr_line' id='line_1_7' title="bbox 244 833 1568 919; baseline -0.002 -20"><span class='ocrx_word' id='word_1_49' title='bbox 244 838 425 919; x_wconf 87' lang='lat' dir='ltr'><strong>scriptoris,</strong></span> <span class='ocrx_word' id='word_1_50' title='bbox 436 834 526 919; x_wconf 26' lang='lat' dir='ltr'><strong>‘quod</strong></span> <span class='ocrx_word' id='word_1_51' title='bbox 543 850 599 914; x_wconf 90' lang='lat' dir='ltr'><strong>per</strong></span> <span class='ocrx_word' id='word_1_52' title='bbox 617 836 723 894; x_wconf 89' lang='lat' dir='ltr'><strong>totum</strong></span> <span class='ocrx_word' id='word_1_53' title='bbox 742 850 823 913; x_wconf 87' lang='lat' dir='ltr'><strong>opus</strong></span> <span class='ocrx_word' id='word_1_54' title='bbox 842 833 1013 896; x_wconf 90' lang='lat' dir='ltr'><strong>continuus</strong></span> <span class='ocrx_word' id='word_1_55' title='bbox 1027 838 1077 896; x_wconf 89' lang='lat' dir='ltr'><strong>est</strong></span> <span class='ocrx_word' id='word_1_56' title='bbox 1096 850 1303 914; x_wconf 88' lang='lat' dir='ltr'><strong>progressus,</strong></span> <span class='ocrx_word' id='word_1_57' title='bbox 1318 851 1515 916; x_wconf 85' lang='lat' dir='ltr'><strong>semperque</strong></span> <span class='ocrx_word' id='word_1_58' title='bbox 1530 851 1568 897; x_wconf 90' lang='lat' dir='ltr'><strong>ea</strong></span> 
     </span>
     <span class='ocr_line' id='line_1_8' title="bbox 244 929 1567 1014; baseline -0.004 -15"><span class='ocrx_word' id='word_1_59' title='bbox 244 953 328 1014; x_wconf 87' lang='lat' dir='ltr'><strong>quae</strong></span> <span class='ocrx_word' id='word_1_60' title='bbox 342 933 507 1013; x_wconf 82' lang='lat' dir='ltr'><strong>excipiunt</strong></span> <span class='ocrx_word' id='word_1_61' title='bbox 520 931 644 992; x_wconf 90' lang='lat' dir='ltr'><strong>maiora</strong></span> <span class='ocrx_word' id='word_1_62' title='bbox 656 930 708 993; x_wconf 84' lang='lat' dir='ltr'><strong>rel</strong></span> <span class='ocrx_word' id='word_1_63' title='bbox 720 930 877 1011; x_wconf 91' lang='lat' dir='ltr'><strong>ampliora</strong></span> <span class='ocrx_word' id='word_1_64' title='bbox 887 936 963 994; x_wconf 89' lang='lat' dir='ltr'><strong>sunt</strong></span> <span class='ocrx_word' id='word_1_65' title='bbox 973 932 1138 1012; x_wconf 86' lang='lat' dir='ltr'><strong>prioribus</strong></span> <span class='ocrx_word' id='word_1_66' title='bbox 1157 953 1172 991; x_wconf 78' lang='lat' dir='ltr'><strong>r</strong></span> <span class='ocrx_word' id='word_1_67' title='bbox 1189 930 1231 1012; x_wconf 86' lang='grc' dir='ltr'><strong>(1.Ι</strong></span> <span class='ocrx_word' id='word_1_68' title='bbox 1239 949 1267 994; x_wconf 88' lang='grc'><strong>6.</strong></span> <span class='ocrx_word' id='word_1_69' title='bbox 1284 948 1317 1011; x_wconf 93' lang='lat' dir='ltr'><strong>p.</strong></span> <span class='ocrx_word' id='word_1_70' title='bbox 1337 930 1402 1012; x_wconf 78' lang='grc'><strong>18).</strong></span> <span class='ocrx_word' id='word_1_71' title='bbox 1415 929 1567 994; x_wconf 85' lang='lat' dir='ltr'><strong>Similem</strong></span> 
     </span>
     <span class='ocr_line' id='line_1_9' title="bbox 243 1027 1061 1110; baseline -0.005 -16"><span class='ocrx_word' id='word_1_72' title='bbox 243 1033 278 1094; x_wconf 91' lang='lat' dir='ltr'><strong>in</strong></span> <span class='ocrx_word' id='word_1_73' title='bbox 292 1031 425 1094; x_wconf 91' lang='lat' dir='ltr'><strong>modum</strong></span> <span class='ocrx_word' id='word_1_74' title='bbox 437 1027 577 1107; x_wconf 87' lang='lat' dir='ltr'><strong>disputat</strong></span> <span class='ocrx_word' id='word_1_75' title='bbox 588 1027 635 1090; x_wconf 81' lang='lat' dir='ltr'><strong>Al.</strong></span> <span class='ocrx_word' id='word_1_76' title='bbox 650 1028 781 1092; x_wconf 83' lang='lat' dir='ltr'><strong>Schaler</strong></span> <span class='ocrx_word' id='word_1_77' title='bbox 794 1029 817 1090; x_wconf 96' lang='lat' dir='ltr'><strong>l.</strong></span> <span class='ocrx_word' id='word_1_78' title='bbox 832 1046 860 1092; x_wconf 88' lang='lat' dir='ltr'><strong>c.</strong></span> <span class='ocrx_word' id='word_1_79' title='bbox 874 1048 906 1110; x_wconf 91' lang='lat' dir='ltr'><strong>p.</strong></span> <span class='ocrx_word' id='word_1_80' title='bbox 920 1031 981 1091; x_wconf 78' lang='grc'><strong>886</strong></span> <span class='ocrx_word' id='word_1_81' title='bbox 993 1046 1061 1110; x_wconf 88' lang='lat' dir='ltr'><strong>seq.</strong></span> 
     </span>
    </p>
   </div>
   <div class='ocr_carea' id='block_1_4' title="bbox 11 1116 1569 1307">
    <p class='ocr_par' dir='ltr' id='par_1_4' title="bbox 11 1116 1569 1307">
     <span class='ocr_line' id='line_1_10' title="bbox 29 1116 1568 1209; baseline -0.003 -16"><span class='ocrx_word' id='word_1_82' title='bbox 29 1200 35 1209; x_wconf 49' lang='grc'>,</span> <span class='ocrx_word' id='word_1_83' title='bbox 57 1192 60 1197; x_wconf 76' lang='grc'><strong>,</strong></span> <span class='ocrx_word' id='word_1_84' title='bbox 175 1152 178 1159; x_wconf 72' lang='grc'><strong><em>’</em></strong></span> <span class='ocrx_word' id='word_1_85' title='bbox 283 1131 369 1191; x_wconf 83' lang='grc'><strong>8666</strong></span> <span class='ocrx_word' id='word_1_86' title='bbox 384 1144 509 1207; x_wconf 89' lang='lat' dir='ltr'><strong>quoque</strong></span> <span class='ocrx_word' id='word_1_87' title='bbox 523 1126 632 1189; x_wconf 88' lang='lat' dir='ltr'><strong>scribit</strong></span> <span class='ocrx_word' id='word_1_88' title='bbox 642 1127 774 1193; x_wconf 85' lang='grc'><strong>116660.</strong></span> <span class='ocrx_word' id='word_1_89' title='bbox 791 1129 841 1189; x_wconf 88' lang='lat' dir='ltr'><strong>Pr.</strong></span> <span class='ocrx_word' id='word_1_90' title='bbox 856 1126 890 1187; x_wconf 94' lang='lat' dir='ltr'><strong>in</strong></span> <span class='ocrx_word' id='word_1_91' title='bbox 902 1116 1067 1206; x_wconf 78' lang='lat' dir='ltr'><strong>periodi&#39;co</strong></span> <span class='ocrx_word' id='word_1_92' title='bbox 1082 1126 1186 1187; x_wconf 83' lang='lat' dir='ltr'><strong>lieoue</strong></span> <span class='ocrx_word' id='word_1_93' title='bbox 1201 1124 1349 1209; x_wconf 84' lang='lat' dir='ltr'><strong>biblique,</strong></span> <span class='ocrx_word' id='word_1_94' title='bbox 1366 1127 1445 1189; x_wconf 84' lang='grc'><strong>1888</strong></span> <span class='ocrx_word' id='word_1_95' title='bbox 1458 1145 1490 1205; x_wconf 93' lang='lat' dir='ltr'><strong>p.</strong></span> <span class='ocrx_word' id='word_1_96' title='bbox 1507 1128 1568 1189; x_wconf 86' lang='grc'><strong>339</strong></span> 
     </span>
     <span class='ocr_line' id='line_1_11' title="bbox 11 1222 1569 1307; baseline 0.002 -26"><span class='ocrx_word' id='word_1_97' title='bbox 11 1274 53 1307; x_wconf 79' lang='lat'><strong>·.</strong></span> <span class='ocrx_word' id='word_1_98' title='bbox 108 1260 109 1263; x_wconf 58' lang='lat'><em>=</em></span> <span class='ocrx_word' id='word_1_99' title='bbox 244 1227 287 1307; x_wconf 81' lang='grc'><strong>(16</strong></span> <span class='ocrx_word' id='word_1_100' title='bbox 300 1225 434 1303; x_wconf 90' lang='lat' dir='ltr'><strong>critique</strong></span> <span class='ocrx_word' id='word_1_101' title='bbox 446 1224 594 1287; x_wconf 88' lang='lat' dir='ltr'><strong>nouvelle</strong></span> <span class='ocrx_word' id='word_1_102' title='bbox 609 1227 642 1287; x_wconf 92' lang='lat' dir='ltr'><strong>et</strong></span> <span class='ocrx_word' id='word_1_103' title='bbox 653 1225 806 1286; x_wconf 79' lang='grc'><strong>16666166</strong></span> <span class='ocrx_word' id='word_1_104' title='bbox 821 1222 878 1285; x_wconf 89' lang='lat' dir='ltr'><strong>des</strong></span> <span class='ocrx_word' id='word_1_105' title='bbox 897 1223 1045 1303; x_wconf 78' lang='lat' dir='ltr'><strong>Apblres)</strong></span> <span class='ocrx_word' id='word_1_106' title='bbox 1062 1241 1070 1284; x_wconf 74' lang='grc' dir='ltr'><strong><em>ε</em></strong></span> <span class='ocrx_word' id='word_1_107' title='bbox 1087 1224 1129 1286; x_wconf 85' lang='lat' dir='ltr'><strong>Co</strong></span> <span class='ocrx_word' id='word_1_108' title='bbox 1144 1239 1209 1301; x_wconf 91' lang='lat' dir='ltr'><strong>que</strong></span> <span class='ocrx_word' id='word_1_109' title='bbox 1223 1240 1306 1286; x_wconf 90' lang='lat' dir='ltr'><strong>nous</strong></span> <span class='ocrx_word' id='word_1_110' title='bbox 1326 1225 1474 1287; x_wconf 79' lang='lat' dir='ltr'><strong>bldmons</strong></span> <span class='ocrx_word' id='word_1_111' title='bbox 1492 1223 1569 1288; x_wconf 89' lang='lat' dir='ltr'><strong>chez</strong></span> 
     </span>
    </p>
   </div>
   <div class='ocr_carea' id='block_1_5' title="bbox 240 1319 1569 2083">
    <p class='ocr_par' dir='ltr' id='par_1_5' title="bbox 240 1319 1569 2083">
     <span class='ocr_line' id='line_1_12' title="bbox 240 1319 1569 1409; baseline -0.002 -23"><span class='ocrx_word' id='word_1_112' title='bbox 240 1320 296 1386; x_wconf 83' lang='lat' dir='ltr'><strong>ees</strong></span> <span class='ocrx_word' id='word_1_113' title='bbox 311 1323 478 1402; x_wconf 91' lang='lat' dir='ltr'><strong>critiques,</strong></span> <span class='ocrx_word' id='word_1_114' title='bbox 490 1339 526 1384; x_wconf 91' lang='lat' dir='ltr'><strong>ce</strong></span> <span class='ocrx_word' id='word_1_115' title='bbox 539 1319 1239 1409; x_wconf 71' lang='grc'><strong>6666))66166666666666611666616666616</strong></span> <span class='ocrx_word' id='word_1_116' title='bbox 1255 1320 1334 1382; x_wconf 90' lang='lat' dir='ltr'><strong>dans</strong></span> <span class='ocrx_word' id='word_1_117' title='bbox 1349 1320 1382 1382; x_wconf 89' lang='lat' dir='ltr'><strong>la</strong></span> <span class='ocrx_word' id='word_1_118' title='bbox 1394 1321 1569 1384; x_wconf 88' lang='lat' dir='ltr'><strong>recherche</strong></span> 
     </span>
     <span class='ocr_line' id='line_1_13' title="bbox 243 1416 1568 1499; baseline -0.003 -16"><span class='ocrx_word' id='word_1_119' title='bbox 243 1418 300 1483; x_wconf 89' lang='lat' dir='ltr'><strong>des</strong></span> <span class='ocrx_word' id='word_1_120' title='bbox 323 1436 468 1494; x_wconf 86' lang='lat' dir='ltr'><strong>sources,</strong></span> <span class='ocrx_word' id='word_1_121' title='bbox 489 1417 568 1482; x_wconf 91' lang='lat' dir='ltr'><strong>c&#39;est</strong></span> <span class='ocrx_word' id='word_1_122' title='bbox 584 1418 707 1499; x_wconf 91' lang='lat' dir='ltr'><strong>l’esprit</strong></span> <span class='ocrx_word' id='word_1_123' title='bbox 724 1417 779 1497; x_wconf 93' lang='lat' dir='ltr'><strong>qui</strong></span> <span class='ocrx_word' id='word_1_124' title='bbox 799 1417 845 1480; x_wconf 89' lang='grc'><strong>166</strong></span> <span class='ocrx_word' id='word_1_125' title='bbox 859 1417 962 1498; x_wconf 79' lang='lat' dir='ltr'><strong>dirige</strong></span> <span class='ocrx_word' id='word_1_126' title='bbox 984 1424 1017 1480; x_wconf 93' lang='lat' dir='ltr'><strong>et</strong></span> <span class='ocrx_word' id='word_1_127' title='bbox 1038 1417 1096 1497; x_wconf 92' lang='lat' dir='ltr'><strong>qui</strong></span> <span class='ocrx_word' id='word_1_128' title='bbox 1118 1416 1251 1481; x_wconf 86' lang='lat' dir='ltr'><strong>stimulo</strong></span> <span class='ocrx_word' id='word_1_129' title='bbox 1271 1417 1346 1481; x_wconf 92' lang='lat' dir='ltr'><strong>leur</strong></span> <span class='ocrx_word' id='word_1_130' title='bbox 1363 1418 1502 1480; x_wconf 82' lang='grc'><strong>66116116.</strong></span> <span class='ocrx_word' id='word_1_131' title='bbox 1525 1419 1568 1480; x_wconf 90' lang='grc'><strong>116</strong></span> 
     </span>
     <span class='ocr_line' id='line_1_14' title="bbox 243 1514 1568 1598; baseline -0.002 -18"><span class='ocrx_word' id='word_1_132' title='bbox 243 1518 426 1598; x_wconf 88' lang='lat' dir='ltr'><strong>soulignent</strong></span> <span class='ocrx_word' id='word_1_133' title='bbox 441 1521 537 1579; x_wconf 91' lang='lat' dir='ltr'><strong>arant</strong></span> <span class='ocrx_word' id='word_1_134' title='bbox 553 1519 625 1578; x_wconf 85' lang='lat' dir='ltr'><strong>toul</strong></span> <span class='ocrx_word' id='word_1_135' title='bbox 637 1516 684 1577; x_wconf 91' lang='lat' dir='ltr'><strong>les</strong></span> <span class='ocrx_word' id='word_1_136' title='bbox 703 1519 804 1577; x_wconf 84' lang='lat' dir='ltr'><strong>textos</strong></span> <span class='ocrx_word' id='word_1_137' title='bbox 821 1517 972 1590; x_wconf 83' lang='lat' dir='ltr'><strong>obscure,</strong></span> <span class='ocrx_word' id='word_1_138' title='bbox 986 1515 1027 1576; x_wconf 91' lang='lat' dir='ltr'><strong>ils</strong></span> <span class='ocrx_word' id='word_1_139' title='bbox 1041 1515 1236 1597; x_wconf 85' lang='lat' dir='ltr'><strong>grossissent</strong></span> <span class='ocrx_word' id='word_1_140' title='bbox 1249 1514 1297 1577; x_wconf 90' lang='lat' dir='ltr'><strong>les</strong></span> <span class='ocrx_word' id='word_1_141' title='bbox 1312 1514 1503 1588; x_wconf 85' lang='grc'><strong>(1118661166,</strong></span> <span class='ocrx_word' id='word_1_142' title='bbox 1520 1516 1568 1577; x_wconf 89' lang='grc'><strong>166</strong></span> 
     </span>
     <span class='ocr_line' id='line_1_15' title="bbox 242 1611 1565 1693; baseline -0.006 -14"><span class='ocrx_word' id='word_1_143' title='bbox 242 1614 679 1679; x_wconf 78' lang='grc'><strong>(1661666616661666116161666</strong></span> <span class='ocrx_word' id='word_1_144' title='bbox 693 1611 1293 1693; x_wconf 63' lang='grc'><strong>6116666666616666661(1666666666</strong></span> <span class='ocrx_word' id='word_1_145' title='bbox 1308 1612 1356 1675; x_wconf 91' lang='grc'><strong>166</strong></span> <span class='ocrx_word' id='word_1_146' title='bbox 1370 1611 1565 1675; x_wconf 84' lang='grc'><strong>66666666...</strong></span> 
     </span>
     <span class='ocr_line' id='line_1_16' title="bbox 241 1708 1566 1788; baseline -0.002 -14"><span class='ocrx_word' id='word_1_147' title='bbox 241 1715 380 1775; x_wconf 82' lang='grc'><strong>11666666</strong></span> <span class='ocrx_word' id='word_1_148' title='bbox 395 1712 425 1773; x_wconf 90' lang='grc'><strong>16</strong></span> <span class='ocrx_word' id='word_1_149' title='bbox 445 1711 612 1773; x_wconf 89' lang='grc'><strong>6661661666</strong></span> <span class='ocrx_word' id='word_1_150' title='bbox 629 1709 897 1788; x_wconf 86' lang='lat' dir='ltr'><strong>d’inintelligenca</strong></span> <span class='ocrx_word' id='word_1_151' title='bbox 917 1714 951 1772; x_wconf 90' lang='lat' dir='ltr'><strong>et</strong></span> <span class='ocrx_word' id='word_1_152' title='bbox 971 1708 1142 1784; x_wconf 86' lang='lat' dir='ltr'><strong>d’incurie‚</strong></span> <span class='ocrx_word' id='word_1_153' title='bbox 1164 1709 1193 1770; x_wconf 93' lang='grc'><strong>16</strong></span> <span class='ocrx_word' id='word_1_154' title='bbox 1216 1713 1333 1773; x_wconf 91' lang='lat' dir='ltr'><strong>rendre</strong></span> <span class='ocrx_word' id='word_1_155' title='bbox 1353 1709 1566 1788; x_wconf 88' lang='lat' dir='ltr'><strong>responsable</strong></span> 
     </span>
     <span class='ocr_line' id='line_1_17' title="bbox 241 1805 1567 1888; baseline -0.002 -17"><span class='ocrx_word' id='word_1_156' title='bbox 241 1810 283 1871; x_wconf 91' lang='lat' dir='ltr'><strong>de</strong></span> <span class='ocrx_word' id='word_1_157' title='bbox 297 1807 508 1872; x_wconf 87' lang='lat' dir='ltr'><strong>maladresses</strong></span> <span class='ocrx_word' id='word_1_158' title='bbox 525 1808 693 1888; x_wconf 84' lang='lat' dir='ltr'><strong>flagrantes</strong></span> <span class='ocrx_word' id='word_1_159' title='bbox 703 1824 783 1870; x_wconf 90' lang='lat' dir='ltr'><strong>nous</strong></span> <span class='ocrx_word' id='word_1_160' title='bbox 798 1806 920 1868; x_wconf 89' lang='lat' dir='ltr'><strong>semble</strong></span> <span class='ocrx_word' id='word_1_161' title='bbox 933 1807 1011 1869; x_wconf 89' lang='lat' dir='ltr'><strong>bien</strong></span> <span class='ocrx_word' id='word_1_162' title='bbox 1026 1809 1105 1882; x_wconf 88' lang='grc' dir='ltr'><strong>666,Ι</strong></span> <span class='ocrx_word' id='word_1_163' title='bbox 1116 1811 1245 1869; x_wconf 85' lang='grc'><strong>6661666</strong></span> <span class='ocrx_word' id='word_1_164' title='bbox 1258 1807 1367 1886; x_wconf 90' lang='lat' dir='ltr'><strong>quand</strong></span> <span class='ocrx_word' id='word_1_165' title='bbox 1380 1824 1425 1869; x_wconf 94' lang='lat' dir='ltr'><strong>on</strong></span> <span class='ocrx_word' id='word_1_166' title='bbox 1440 1805 1567 1869; x_wconf 88' lang='grc'><strong>(1661666</strong></span> 
     </span>
     <span class='ocr_line' id='line_1_18' title="bbox 241 1904 1567 1984; baseline -0.002 -15"><span class='ocrx_word' id='word_1_167' title='bbox 241 1906 327 1969; x_wconf 88' lang='lat' dir='ltr'><strong>saint</strong></span> <span class='ocrx_word' id='word_1_168' title='bbox 342 1908 409 1969; x_wconf 87' lang='lat' dir='ltr'><strong>Luc</strong></span> <span class='ocrx_word' id='word_1_169' title='bbox 426 1905 560 1968; x_wconf 86' lang='lat' dir='ltr'><strong>l&#39;auteur</strong></span> <span class='ocrx_word' id='word_1_170' title='bbox 577 1906 619 1967; x_wconf 92' lang='lat' dir='ltr'><strong>du</strong></span> <span class='ocrx_word' id='word_1_171' title='bbox 637 1905 733 1979; x_wconf 81' lang='lat' dir='ltr'><strong>livre,</strong></span> <span class='ocrx_word' id='word_1_172' title='bbox 748 1921 799 1980; x_wconf 74' lang='lat' dir='ltr'><strong>un¹</strong></span> <span class='ocrx_word' id='word_1_173' title='bbox 812 1904 936 1967; x_wconf 76' lang='lat' dir='ltr'><strong>temoin</strong></span> <span class='ocrx_word' id='word_1_174' title='bbox 954 1904 1085 1967; x_wconf 88' lang='grc'><strong>61166111</strong></span> <span class='ocrx_word' id='word_1_175' title='bbox 1103 1909 1137 1967; x_wconf 91' lang='grc'><strong>66</strong></span> <span class='ocrx_word' id='word_1_176' title='bbox 1155 1905 1352 1984; x_wconf 75' lang='lat' dir='ltr'><strong>scrupuleux</strong></span> <span class='ocrx_word' id='word_1_177' title='bbox 1371 1921 1431 1984; x_wconf 90' lang='lat' dir='ltr'><strong>par</strong></span> <span class='ocrx_word' id='word_1_178' title='bbox 1452 1908 1567 1967; x_wconf 88' lang='grc'><strong>66666·</strong></span> 
     </span>
     <span class='ocr_line' id='line_1_19' title="bbox 243 1999 1565 2083; baseline -0.002 -17"><span class='ocrx_word' id='word_1_179' title='bbox 243 2008 357 2083; x_wconf 84' lang='lat' dir='ltr'><strong>quent,</strong></span> <span class='ocrx_word' id='word_1_180' title='bbox 369 2004 434 2081; x_wconf 84' lang='lat' dir='ltr'><strong>,qui</strong></span> <span class='ocrx_word' id='word_1_181' title='bbox 456 2021 475 2064; x_wconf 89' lang='grc'><strong>6</strong></span> <span class='ocrx_word' id='word_1_182' title='bbox 495 2003 527 2064; x_wconf 91' lang='grc'><strong>16</strong></span> <span class='ocrx_word' id='word_1_183' title='bbox 548 2002 794 2082; x_wconf 82' lang='lat' dir='ltr'><strong>preoccupation</strong></span> <span class='ocrx_word' id='word_1_184' title='bbox 813 2000 853 2063; x_wconf 90' lang='lat' dir='ltr'><strong>de</strong></span> <span class='ocrx_word' id='word_1_185' title='bbox 874 1999 951 2063; x_wconf 92' lang='lat' dir='ltr'><strong>bien</strong></span> <span class='ocrx_word' id='word_1_186' title='bbox 970 2002 1052 2075; x_wconf 86' lang='lat' dir='ltr'><strong>roir,</strong></span> <span class='ocrx_word' id='word_1_187' title='bbox 1065 2002 1108 2065; x_wconf 91' lang='grc'><strong>(16</strong></span> <span class='ocrx_word' id='word_1_188' title='bbox 1128 2019 1164 2063; x_wconf 87' lang='grc'><strong>66</strong></span> <span class='ocrx_word' id='word_1_189' title='bbox 1188 2000 1305 2064; x_wconf 88' lang='lat' dir='ltr'><strong>rendre</strong></span> <span class='ocrx_word' id='word_1_190' title='bbox 1325 2002 1404 2063; x_wconf 89' lang='lat' dir='ltr'><strong>bien</strong></span> <span class='ocrx_word' id='word_1_191' title='bbox 1424 2006 1565 2081; x_wconf 89' lang='lat' dir='ltr'><strong>compte,</strong></span> 
     </span>
    </p>
   </div>
   <div class='ocr_carea' id='block_1_6' title="bbox 103 2098 823 2162">
    <p class='ocr_par' dir='ltr' id='par_1_6' title="bbox 103 2098 823 2162">
     <span class='ocr_line' id='line_1_20' title="bbox 103 2098 823 2162; baseline -0.008 0"><span class='ocrx_word' id='word_1_192' title='bbox 103 2153 109 2162; x_wconf 90' lang='lat'><strong>.</strong></span> <span class='ocrx_word' id='word_1_193' title='bbox 243 2099 376 2162; x_wconf 89' lang='grc'><strong>(1666166</strong></span> <span class='ocrx_word' id='word_1_194' title='bbox 388 2115 464 2161; x_wconf 86' lang='lat' dir='ltr'><strong>arec</strong></span> <span class='ocrx_word' id='word_1_195' title='bbox 476 2098 571 2161; x_wconf 92' lang='lat' dir='ltr'><strong>ordre</strong></span> <span class='ocrx_word' id='word_1_196' title='bbox 584 2104 618 2160; x_wconf 92' lang='lat' dir='ltr'><strong>ct</strong></span> <span class='ocrx_word' id='word_1_197' title='bbox 631 2098 823 2162; x_wconf 80' lang='lat' dir='ltr'><strong>exactitude.</strong></span> 
     </span>
    </p>
   </div>
   <div class='ocr_carea' id='block_1_7' title="bbox 238 2194 1627 3152">
    <p class='ocr_par' dir='ltr' id='par_1_7' title="bbox 238 2194 1627 3152">
     <span class='ocr_line' id='line_1_21' title="bbox 282 2194 1567 2276; baseline -0.002 -17"><span class='ocrx_word' id='word_1_198' title='bbox 282 2198 366 2259; x_wconf 89' lang='lat' dir='ltr'><strong>Leur</strong></span> <span class='ocrx_word' id='word_1_199' title='bbox 377 2195 534 2258; x_wconf 86' lang='lat' dir='ltr'><strong>attention</strong></span> <span class='ocrx_word' id='word_1_200' title='bbox 546 2200 642 2275; x_wconf 84' lang='lat' dir='ltr'><strong>ayant</strong></span> <span class='ocrx_word' id='word_1_201' title='bbox 654 2197 705 2258; x_wconf 90' lang='grc'><strong>616</strong></span> <span class='ocrx_word' id='word_1_202' title='bbox 718 2196 872 2258; x_wconf 77' lang='lat' dir='ltr'><strong>absorbes</strong></span> <span class='ocrx_word' id='word_1_203' title='bbox 886 2212 945 2275; x_wconf 86' lang='lat' dir='ltr'><strong>par</strong></span> <span class='ocrx_word' id='word_1_204' title='bbox 958 2195 1005 2258; x_wconf 93' lang='grc'><strong>166</strong></span> <span class='ocrx_word' id='word_1_205' title='bbox 1019 2194 1207 2258; x_wconf 89' lang='lat' dir='ltr'><strong>indnimcnt</strong></span> <span class='ocrx_word' id='word_1_206' title='bbox 1222 2196 1333 2275; x_wconf 89' lang='lat' dir='ltr'><strong>petits,</strong></span> <span class='ocrx_word' id='word_1_207' title='bbox 1347 2195 1496 2259; x_wconf 89' lang='lat' dir='ltr'><strong>distraite</strong></span> <span class='ocrx_word' id='word_1_208' title='bbox 1510 2213 1567 2276; x_wconf 87' lang='lat' dir='ltr'><strong>par</strong></span> 
     </span>
     <span class='ocr_line' id='line_1_22' title="bbox 243 2292 1566 2374; baseline 0 -19"><span class='ocrx_word' id='word_1_209' title='bbox 243 2294 275 2356; x_wconf 91' lang='lat' dir='ltr'><strong>la</strong></span> <span class='ocrx_word' id='word_1_210' title='bbox 292 2311 390 2356; x_wconf 89' lang='lat' dir='ltr'><strong>revue</strong></span> <span class='ocrx_word' id='word_1_211' title='bbox 411 2292 558 2357; x_wconf 86' lang='grc'><strong>6166611166</strong></span> <span class='ocrx_word' id='word_1_212' title='bbox 577 2293 616 2354; x_wconf 89' lang='lat' dir='ltr'><strong>da</strong></span> <span class='ocrx_word' id='word_1_213' title='bbox 633 2297 707 2355; x_wconf 85' lang='lat' dir='ltr'><strong>tous</strong></span> <span class='ocrx_word' id='word_1_214' title='bbox 726 2293 773 2355; x_wconf 92' lang='lat' dir='ltr'><strong>les</strong></span> <span class='ocrx_word' id='word_1_215' title='bbox 786 2297 905 2367; x_wconf 77' lang='grc'><strong>666166,</strong></span> <span class='ocrx_word' id='word_1_216' title='bbox 921 2292 962 2355; x_wconf 89' lang='grc'><strong>116</strong></span> <span class='ocrx_word' id='word_1_217' title='bbox 979 2298 1038 2356; x_wconf 87' lang='grc'><strong>661</strong></span> <span class='ocrx_word' id='word_1_218' title='bbox 1054 2293 1182 2374; x_wconf 76' lang='lat' dir='ltr'><strong>neglige</strong></span> <span class='ocrx_word' id='word_1_219' title='bbox 1200 2294 1231 2356; x_wconf 96' lang='grc'><strong>16</strong></span> <span class='ocrx_word' id='word_1_220' title='bbox 1249 2292 1321 2356; x_wconf 90' lang='grc'><strong>6661</strong></span> <span class='ocrx_word' id='word_1_221' title='bbox 1336 2293 1429 2373; x_wconf 89' lang='lat' dir='ltr'><strong>point</strong></span> <span class='ocrx_word' id='word_1_222' title='bbox 1447 2294 1488 2356; x_wconf 92' lang='lat' dir='ltr'><strong>de</strong></span> <span class='ocrx_word' id='word_1_223' title='bbox 1504 2310 1566 2355; x_wconf 85' lang='lat' dir='ltr'><strong>rue</strong></span> 
     </span>
     <span class='ocr_line' id='line_1_23' title="bbox 243 2389 1566 2471; baseline -0.001 -17"><span class='ocrx_word' id='word_1_224' title='bbox 243 2392 300 2471; x_wconf 92' lang='lat' dir='ltr'><strong>qui</strong></span> <span class='ocrx_word' id='word_1_225' title='bbox 313 2390 446 2471; x_wconf 89' lang='lat' dir='ltr'><strong>pouvait</strong></span> <span class='ocrx_word' id='word_1_226' title='bbox 459 2390 591 2453; x_wconf 90' lang='grc'><strong>66161666</strong></span> <span class='ocrx_word' id='word_1_227' title='bbox 601 2390 672 2452; x_wconf 90' lang='lat' dir='ltr'><strong>leur</strong></span> <span class='ocrx_word' id='word_1_228' title='bbox 687 2390 836 2469; x_wconf 88' lang='lat' dir='ltr'><strong>critique.</strong></span> <span class='ocrx_word' id='word_1_229' title='bbox 850 2389 899 2453; x_wconf 82' lang='lat' dir='ltr'><strong>On</strong></span> <span class='ocrx_word' id='word_1_230' title='bbox 914 2407 934 2452; x_wconf 93' lang='grc'><strong>6</strong></span> <span class='ocrx_word' id='word_1_231' title='bbox 947 2395 1116 2470; x_wconf 69' lang='grc'><strong>6666666666</strong></span> <span class='ocrx_word' id='word_1_232' title='bbox 1129 2408 1208 2470; x_wconf 88' lang='lat' dir='ltr'><strong>que,</strong></span> <span class='ocrx_word' id='word_1_233' title='bbox 1222 2390 1345 2470; x_wconf 82' lang='lat' dir='ltr'><strong>malgre</strong></span> <span class='ocrx_word' id='word_1_234' title='bbox 1364 2390 1395 2453; x_wconf 87' lang='grc'><strong>16</strong></span> <span class='ocrx_word' id='word_1_235' title='bbox 1409 2391 1566 2453; x_wconf 83' lang='grc'><strong>6116666116</strong></span> 
     </span>
     <span class='ocr_line' id='line_1_24' title="bbox 244 2486 1566 2567; baseline -0.001 -17"><span class='ocrx_word' id='word_1_236' title='bbox 244 2488 302 2550; x_wconf 90' lang='grc'><strong>(166</strong></span> <span class='ocrx_word' id='word_1_237' title='bbox 315 2488 505 2561; x_wconf 77' lang='lat' dir='ltr'><strong>materians,</strong></span> <span class='ocrx_word' id='word_1_238' title='bbox 521 2487 676 2562; x_wconf 85' lang='grc'><strong>(16616166,</strong></span> <span class='ocrx_word' id='word_1_239' title='bbox 693 2486 749 2549; x_wconf 90' lang='lat' dir='ltr'><strong>des</strong></span> <span class='ocrx_word' id='word_1_240' title='bbox 761 2503 978 2567; x_wconf 87' lang='lat' dir='ltr'><strong>personnages</strong></span> <span class='ocrx_word' id='word_1_241' title='bbox 993 2492 1026 2550; x_wconf 94' lang='lat' dir='ltr'><strong>et</strong></span> <span class='ocrx_word' id='word_1_242' title='bbox 1040 2487 1098 2550; x_wconf 90' lang='grc'><strong>(166</strong></span> <span class='ocrx_word' id='word_1_243' title='bbox 1112 2491 1237 2567; x_wconf 90' lang='lat' dir='ltr'><strong>temps,</strong></span> <span class='ocrx_word' id='word_1_244' title='bbox 1254 2505 1297 2550; x_wconf 91' lang='lat' dir='ltr'><strong>un</strong></span> <span class='ocrx_word' id='word_1_245' title='bbox 1310 2489 1419 2550; x_wconf 81' lang='lat' dir='ltr'><strong>meme</strong></span> <span class='ocrx_word' id='word_1_246' title='bbox 1435 2487 1566 2549; x_wconf 88' lang='lat' dir='ltr'><strong>dessein</strong></span> 
     </span>
     <span class='ocr_line' id='line_1_25' title="bbox 243 2583 1566 2664; baseline -0.002 -17"><span class='ocrx_word' id='word_1_247' title='bbox 243 2602 278 2647; x_wconf 91' lang='lat' dir='ltr'><strong>se</strong></span> <span class='ocrx_word' id='word_1_248' title='bbox 291 2585 443 2647; x_wconf 84' lang='lat' dir='ltr'><strong>montrait</strong></span> <span class='ocrx_word' id='word_1_249' title='bbox 456 2586 533 2647; x_wconf 89' lang='lat' dir='ltr'><strong>dans</strong></span> <span class='ocrx_word' id='word_1_250' title='bbox 549 2585 580 2648; x_wconf 97' lang='lat' dir='ltr'><strong>le</strong></span> <span class='ocrx_word' id='word_1_251' title='bbox 597 2584 677 2646; x_wconf 80' lang='lat' dir='ltr'><strong>livre</strong></span> <span class='ocrx_word' id='word_1_252' title='bbox 692 2583 749 2647; x_wconf 86' lang='lat' dir='ltr'><strong>des</strong></span> <span class='ocrx_word' id='word_1_253' title='bbox 762 2586 871 2656; x_wconf 79' lang='lat' dir='ltr'><strong>Actes,</strong></span> <span class='ocrx_word' id='word_1_254' title='bbox 890 2584 1477 2664; x_wconf 75' lang='grc'><strong>666666666666661161666161161666</strong></span> <span class='ocrx_word' id='word_1_255' title='bbox 1492 2589 1566 2648; x_wconf 85' lang='lat' dir='ltr'><strong>tous</strong></span> 
     </span>
     <span class='ocr_line' id='line_1_26' title="bbox 238 2681 1565 2771; baseline -0.001 -28"><span class='ocrx_word' id='word_1_256' title='bbox 238 2683 291 2769; x_wconf 90' lang='grc'><strong>166</strong></span> <span class='ocrx_word' id='word_1_257' title='bbox 304 2682 463 2762; x_wconf 79' lang='lat' dir='ltr'><strong>episodes,</strong></span> <span class='ocrx_word' id='word_1_258' title='bbox 475 2699 538 2761; x_wconf 91' lang='lat' dir='ltr'><strong>que</strong></span> <span class='ocrx_word' id='word_1_259' title='bbox 551 2681 581 2746; x_wconf 89' lang='lat' dir='ltr'><strong>le</strong></span> <span class='ocrx_word' id='word_1_260' title='bbox 592 2682 685 2762; x_wconf 86' lang='lat' dir='ltr'><strong>style,</strong></span> <span class='ocrx_word' id='word_1_261' title='bbox 698 2681 837 2761; x_wconf 89' lang='lat' dir='ltr'><strong>quoique</strong></span> <span class='ocrx_word' id='word_1_262' title='bbox 850 2686 1032 2771; x_wconf 80' lang='lat' dir='ltr'><strong>outrement</strong></span> <span class='ocrx_word' id='word_1_263' title='bbox 1043 2682 1152 2745; x_wconf 76' lang='lat' dir='ltr'><strong>colore</strong></span> <span class='ocrx_word' id='word_1_264' title='bbox 1167 2681 1247 2744; x_wconf 88' lang='lat' dir='ltr'><strong>dans</strong></span> <span class='ocrx_word' id='word_1_265' title='bbox 1262 2682 1310 2744; x_wconf 88' lang='grc'><strong>166</strong></span> <span class='ocrx_word' id='word_1_266' title='bbox 1330 2681 1416 2745; x_wconf 83' lang='lat' dir='ltr'><strong>deux</strong></span> <span class='ocrx_word' id='word_1_267' title='bbox 1431 2683 1565 2762; x_wconf 85' lang='lat' dir='ltr'><strong>parties,</strong></span> 
     </span>
     <span class='ocr_line' id='line_1_27' title="bbox 240 2777 1627 2864; baseline 0 -24"><span class='ocrx_word' id='word_1_268' title='bbox 240 2780 324 2841; x_wconf 84' lang='lat' dir='ltr'><strong>avait</strong></span> <span class='ocrx_word' id='word_1_269' title='bbox 344 2779 524 2859; x_wconf 87' lang='lat' dir='ltr'><strong>cependant</strong></span> <span class='ocrx_word' id='word_1_270' title='bbox 543 2780 580 2855; x_wconf 76' lang='lat' dir='ltr'><strong>qa</strong></span> <span class='ocrx_word' id='word_1_271' title='bbox 601 2784 633 2843; x_wconf 91' lang='lat' dir='ltr'><strong>et</strong></span> <span class='ocrx_word' id='word_1_272' title='bbox 653 2780 695 2853; x_wconf 84' lang='grc'><strong>11,</strong></span> <span class='ocrx_word' id='word_1_273' title='bbox 715 2779 793 2849; x_wconf 81' lang='lat' dir='ltr'><strong>dana</strong></span> <span class='ocrx_word' id='word_1_274' title='bbox 813 2778 901 2842; x_wconf 89' lang='grc'><strong>1666</strong></span> <span class='ocrx_word' id='word_1_275' title='bbox 923 2784 958 2842; x_wconf 89' lang='grc'><strong>61</strong></span> <span class='ocrx_word' id='word_1_276' title='bbox 979 2779 1060 2842; x_wconf 87' lang='lat' dir='ltr'><strong>dans</strong></span> <span class='ocrx_word' id='word_1_277' title='bbox 1083 2777 1211 2851; x_wconf 86' lang='grc'><strong>166666,</strong></span> <span class='ocrx_word' id='word_1_278' title='bbox 1235 2779 1293 2847; x_wconf 89' lang='lat' dir='ltr'><strong>des</strong></span> <span class='ocrx_word' id='word_1_279' title='bbox 1311 2779 1567 2843; x_wconf 89' lang='lat' dir='ltr'><strong>ressemblanoes</strong></span> <span class='ocrx_word' id='word_1_280' title='bbox 1601 2804 1627 2864; x_wconf 57' lang='lat' dir='ltr'>p</span> 
     </span>
     <span class='ocr_line' id='line_1_28' title="bbox 240 2876 1565 2957; baseline -0.001 -18"><span class='ocrx_word' id='word_1_281' title='bbox 240 2877 532 2957; x_wconf 78' lang='lat' dir='ltr'><strong>caracteristiques3</strong></span> <span class='ocrx_word' id='word_1_282' title='bbox 547 2893 590 2939; x_wconf 95' lang='lat' dir='ltr'><strong>on</strong></span> <span class='ocrx_word' id='word_1_283' title='bbox 606 2893 625 2939; x_wconf 91' lang='grc'><strong>6</strong></span> <span class='ocrx_word' id='word_1_284' title='bbox 640 2879 716 2939; x_wconf 88' lang='grc'><strong>6616</strong></span> <span class='ocrx_word' id='word_1_285' title='bbox 737 2881 862 2940; x_wconf 91' lang='lat' dir='ltr'><strong>surtout</strong></span> <span class='ocrx_word' id='word_1_286' title='bbox 880 2882 933 2940; x_wconf 87' lang='grc'><strong>666</strong></span> <span class='ocrx_word' id='word_1_287' title='bbox 947 2879 1058 2940; x_wconf 85' lang='grc'><strong>666661</strong></span> <span class='ocrx_word' id='word_1_288' title='bbox 1074 2878 1114 2939; x_wconf 89' lang='grc'><strong>(16</strong></span> <span class='ocrx_word' id='word_1_289' title='bbox 1129 2876 1293 2957; x_wconf 90' lang='lat' dir='ltr'><strong>triomphe</strong></span> <span class='ocrx_word' id='word_1_290' title='bbox 1307 2877 1386 2941; x_wconf 89' lang='lat' dir='ltr'><strong>bien</strong></span> <span class='ocrx_word' id='word_1_291' title='bbox 1403 2882 1471 2952; x_wconf 87' lang='lat' dir='ltr'><strong>net,</strong></span> <span class='ocrx_word' id='word_1_292' title='bbox 1490 2878 1565 2939; x_wconf 91' lang='lat' dir='ltr'><strong>bien</strong></span> 
     </span>
     <span class='ocr_line' id='line_1_29' title="bbox 241 2973 1568 3055; baseline -0.002 -19"><span class='ocrx_word' id='word_1_293' title='bbox 241 2974 383 3046; x_wconf 83' lang='grc'><strong>(16666166,</strong></span> <span class='ocrx_word' id='word_1_294' title='bbox 398 2973 453 3053; x_wconf 91' lang='lat' dir='ltr'><strong>qui</strong></span> <span class='ocrx_word' id='word_1_295' title='bbox 468 2990 568 3037; x_wconf 86' lang='lat' dir='ltr'><strong>sonno</strong></span> <span class='ocrx_word' id='word_1_296' title='bbox 583 2990 709 3038; x_wconf 90' lang='lat' dir='ltr'><strong>comme</strong></span> <span class='ocrx_word' id='word_1_297' title='bbox 724 2991 769 3036; x_wconf 90' lang='lat' dir='ltr'><strong>un</strong></span> <span class='ocrx_word' id='word_1_298' title='bbox 781 2974 910 3050; x_wconf 88' lang='grc'><strong>6616616,</strong></span> <span class='ocrx_word' id='word_1_299' title='bbox 925 2990 1010 3055; x_wconf 90' lang='lat' dir='ltr'><strong>pour</strong></span> <span class='ocrx_word' id='word_1_300' title='bbox 1022 2973 1171 3043; x_wconf 85' lang='lat' dir='ltr'><strong>conolure</strong></span> <span class='ocrx_word' id='word_1_301' title='bbox 1184 2975 1309 3053; x_wconf 87' lang='lat' dir='ltr'><strong>chaque</strong></span> <span class='ocrx_word' id='word_1_302' title='bbox 1324 2975 1488 3037; x_wconf 87' lang='lat' dir='ltr'><strong>narration</strong></span> <span class='ocrx_word' id='word_1_303' title='bbox 1509 2976 1568 3035; x_wconf 92' lang='lat' dir='ltr'><strong>im·</strong></span> 
     </span>
     <span class='ocr_line' id='line_1_30' title="bbox 241 3070 843 3152; baseline -0.002 -18"><span class='ocrx_word' id='word_1_304' title='bbox 241 3075 404 3151; x_wconf 86' lang='lat' dir='ltr'><strong>portante,</strong></span> <span class='ocrx_word' id='word_1_305' title='bbox 419 3070 541 3151; x_wconf 89' lang='lat' dir='ltr'><strong>chaque</strong></span> <span class='ocrx_word' id='word_1_306' title='bbox 553 3071 698 3135; x_wconf 79' lang='lat' dir='ltr'><strong>discours</strong></span> <span class='ocrx_word' id='word_1_307' title='bbox 710 3071 843 3152; x_wconf 81' lang='lat' dir='ltr'><strong>signale.</strong></span> 
     </span>
    </p>
   </div>
   <div class='ocr_carea' id='block_1_8' title="bbox 633 3221 1229 3317">
    <p class='ocr_par' dir='ltr' id='par_1_8' title="bbox 633 3221 1229 3317">
     <span class='ocr_line' id='line_1_31' title="bbox 633 3221 1229 3317; baseline 0.002 -13"><span class='ocrx_word' id='word_1_308' title='bbox 633 3252 696 3304; x_wconf 91' lang='lat'><strong>111.</strong></span> <span class='ocrx_word' id='word_1_309' title='bbox 717 3277 754 3291; x_wconf 92' lang='lat'>-</span> <span class='ocrx_word' id='word_1_310' title='bbox 771 3250 1166 3317; x_wconf 74' lang='grc'><strong>1166611666166666616.</strong></span> <span class='ocrx_word' id='word_1_311' title='bbox 1227 3221 1229 3227; x_wconf 27' lang='grc' dir='ltr'>Ι</span> 
     </span>
    </p>
   </div>
   <div class='ocr_carea' id='block_1_9' title="bbox 237 3414 1566 4349">
    <p class='ocr_par' dir='ltr' id='par_1_9' title="bbox 237 3414 1566 4349">
     <span class='ocr_line' id='line_1_32' title="bbox 285 3414 1566 3507; baseline -0.002 -21"><span class='ocrx_word' id='word_1_312' title='bbox 285 3416 338 3486; x_wconf 87' lang='grc'><strong>1111</strong></span> <span class='ocrx_word' id='word_1_313' title='bbox 354 3417 491 3486; x_wconf 79' lang='lat' dir='ltr'><strong>Orosius</strong></span> <span class='ocrx_word' id='word_1_314' title='bbox 505 3416 620 3500; x_wconf 81' lang='lat' dir='ltr'><strong>refert,</strong></span> <span class='ocrx_word' id='word_1_315' title='bbox 634 3422 757 3507; x_wconf 87' lang='lat' dir='ltr'><strong>quarto</strong></span> <span class='ocrx_word' id='word_1_316' title='bbox 771 3437 862 3484; x_wconf 91' lang='lat' dir='ltr'><strong>anno</strong></span> <span class='ocrx_word' id='word_1_317' title='bbox 875 3415 1010 3484; x_wconf 88' lang='lat' dir='ltr'><strong>Claudii</strong></span> <span class='ocrx_word' id='word_1_318' title='bbox 1021 3415 1129 3484; x_wconf 87' lang='lat' dir='ltr'><strong>iames</strong></span> <span class='ocrx_word' id='word_1_319' title='bbox 1139 3414 1346 3505; x_wconf 85' lang='lat' dir='ltr'><strong>gravissima</strong></span> <span class='ocrx_word' id='word_1_320' title='bbox 1358 3438 1421 3507; x_wconf 90' lang='lat' dir='ltr'><strong>per</strong></span> <span class='ocrx_word' id='word_1_321' title='bbox 1432 3415 1566 3505; x_wconf 71' lang='lat' dir='ltr'><strong>Syriam</strong></span> 
     </span>
     <span class='ocr_line' id='line_1_33' title="bbox 240 3514 1566 3614; baseline 0 -24"><span class='ocrx_word' id='word_1_322' title='bbox 240 3524 330 3592; x_wconf 88' lang='grc'><strong>16616</strong></span> <span class='ocrx_word' id='word_1_323' title='bbox 350 3528 401 3590; x_wconf 90' lang='grc'><strong>666</strong></span> <span class='ocrx_word' id='word_1_324' title='bbox 422 3522 592 3612; x_wconf 81' lang='lat' dir='ltr'><strong>(Orosius,</strong></span> <span class='ocrx_word' id='word_1_325' title='bbox 607 3522 679 3611; x_wconf 83' lang='grc'><strong>’1,8)</strong></span> <span class='ocrx_word' id='word_1_326' title='bbox 695 3521 720 3590; x_wconf 86' lang='grc'><strong>1.</strong></span> <span class='ocrx_word' id='word_1_327' title='bbox 737 3544 768 3590; x_wconf 92' lang='grc'><strong>6.</strong></span> <span class='ocrx_word' id='word_1_328' title='bbox 782 3544 873 3590; x_wconf 89' lang='lat' dir='ltr'><strong>anno</strong></span> <span class='ocrx_word' id='word_1_329' title='bbox 887 3526 928 3591; x_wconf 82' lang='grc'><strong>11</strong></span> <span class='ocrx_word' id='word_1_330' title='bbox 944 3544 980 3612; x_wconf 91' lang='lat' dir='ltr'><strong>p.</strong></span> <span class='ocrx_word' id='word_1_331' title='bbox 997 3524 1079 3604; x_wconf 86' lang='lat' dir='ltr'><strong>Ch.;</strong></span> <span class='ocrx_word' id='word_1_332' title='bbox 1096 3514 1286 3590; x_wconf 80' lang='grc'><strong>6166166616</strong></span> <span class='ocrx_word' id='word_1_333' title='bbox 1305 3521 1465 3613; x_wconf 75' lang='lat' dir='ltr'><strong>Iosephus</strong></span> <span class='ocrx_word' id='word_1_334' title='bbox 1479 3545 1566 3614; x_wconf 89' lang='lat' dir='ltr'><strong>quo-</strong></span> 
     </span>
     <span class='ocr_line' id='line_1_34' title="bbox 240 3628 1566 3721; baseline -0.002 -23"><span class='ocrx_word' id='word_1_335' title='bbox 240 3651 309 3721; x_wconf 90' lang='lat' dir='ltr'><strong>qne</strong></span> <span class='ocrx_word' id='word_1_336' title='bbox 330 3628 541 3697; x_wconf 88' lang='lat' dir='ltr'><strong>mentionem</strong></span> <span class='ocrx_word' id='word_1_337' title='bbox 563 3628 646 3697; x_wconf 87' lang='grc'><strong>16616</strong></span> <span class='ocrx_word' id='word_1_338' title='bbox 670 3628 797 3719; x_wconf 72' lang='lat' dir='ltr'><strong>(antiq.</strong></span> <span class='ocrx_word' id='word_1_339' title='bbox 820 3632 955 3710; x_wconf 78' lang='lat' dir='ltr'><strong>a‚15,3;</strong></span> <span class='ocrx_word' id='word_1_340' title='bbox 981 3632 1117 3712; x_wconf 73' lang='grc'><strong>10,8,8;</strong></span> <span class='ocrx_word' id='word_1_341' title='bbox 1144 3628 1277 3718; x_wconf 78' lang='lat'><strong>20,5,2)</strong></span> <span class='ocrx_word' id='word_1_342' title='bbox 1306 3650 1412 3719; x_wconf 90' lang='lat' dir='ltr'><strong>quam</strong></span> <span class='ocrx_word' id='word_1_343' title='bbox 1433 3628 1566 3720; x_wconf 87' lang='lat' dir='ltr'><strong>pariter</strong></span> 
     </span>
     <span class='ocr_line' id='line_1_35' title="bbox 239 3731 1566 3825; baseline -0.002 -21"><span class='ocrx_word' id='word_1_344' title='bbox 239 3735 303 3804; x_wconf 86' lang='lat' dir='ltr'><strong>sub</strong></span> <span class='ocrx_word' id='word_1_345' title='bbox 318 3733 459 3803; x_wconf 88' lang='lat' dir='ltr'><strong>Claudio</strong></span> <span class='ocrx_word' id='word_1_346' title='bbox 472 3740 506 3802; x_wconf 91' lang='lat' dir='ltr'><strong>et</strong></span> <span class='ocrx_word' id='word_1_347' title='bbox 519 3733 731 3825; x_wconf 86' lang='lat' dir='ltr'><strong>temporibus</strong></span> <span class='ocrx_word' id='word_1_348' title='bbox 746 3733 860 3825; x_wconf 88' lang='lat' dir='ltr'><strong>Cuspii</strong></span> <span class='ocrx_word' id='word_1_349' title='bbox 871 3732 954 3801; x_wconf 84' lang='lat' dir='ltr'><strong>Fadi</strong></span> <span class='ocrx_word' id='word_1_350' title='bbox 971 3739 1005 3801; x_wconf 91' lang='lat' dir='ltr'><strong>et</strong></span> <span class='ocrx_word' id='word_1_351' title='bbox 1018 3731 1148 3802; x_wconf 88' lang='lat' dir='ltr'><strong>Tiberii</strong></span> <span class='ocrx_word' id='word_1_352' title='bbox 1161 3733 1348 3802; x_wconf 77' lang='lat' dir='ltr'><strong>Alexandri</strong></span> <span class='ocrx_word' id='word_1_353' title='bbox 1361 3742 1566 3825; x_wconf 87' lang='lat' dir='ltr'><strong>procurato·</strong></span> 
     </span>
     <span class='ocr_line' id='line_1_36' title="bbox 240 3838 1566 3933; baseline 0.002 -24"><span class='ocrx_word' id='word_1_354' title='bbox 240 3862 316 3909; x_wconf 89' lang='lat' dir='ltr'><strong>rum</strong></span> <span class='ocrx_word' id='word_1_355' title='bbox 336 3841 498 3910; x_wconf 88' lang='lat' dir='ltr'><strong>iudaeam</strong></span> <span class='ocrx_word' id='word_1_356' title='bbox 521 3839 678 3909; x_wconf 82' lang='grc'><strong>6111161666</strong></span> <span class='ocrx_word' id='word_1_357' title='bbox 700 3838 830 3908; x_wconf 86' lang='lat' dir='ltr'><strong>scribit.</strong></span> <span class='ocrx_word' id='word_1_358' title='bbox 855 3840 997 3932; x_wconf 81' lang='lat' dir='ltr'><strong>Cuspius</strong></span> <span class='ocrx_word' id='word_1_359' title='bbox 1017 3840 1127 3910; x_wconf 78' lang='grc'><strong>166166</strong></span> <span class='ocrx_word' id='word_1_360' title='bbox 1150 3840 1274 3910; x_wconf 89' lang='lat' dir='ltr'><strong>missus</strong></span> <span class='ocrx_word' id='word_1_361' title='bbox 1294 3849 1344 3909; x_wconf 87' lang='grc'><strong>661</strong></span> <span class='ocrx_word' id='word_1_362' title='bbox 1359 3849 1566 3933; x_wconf 89' lang='lat' dir='ltr'><strong>procurator</strong></span> 
     </span>
     <span class='ocr_line' id='line_1_37' title="bbox 238 3944 1564 4039; baseline 0 -23"><span class='ocrx_word' id='word_1_363' title='bbox 238 3955 316 4039; x_wconf 86' lang='lat' dir='ltr'><strong>post</strong></span> <span class='ocrx_word' id='word_1_364' title='bbox 329 3954 474 4016; x_wconf 86' lang='lat' dir='ltr'><strong>mortem</strong></span> <span class='ocrx_word' id='word_1_365' title='bbox 489 3946 672 4038; x_wconf 77' lang='lat' dir='ltr'><strong>Agrippae,</strong></span> <span class='ocrx_word' id='word_1_366' title='bbox 689 3944 750 4038; x_wconf 89' lang='lat' dir='ltr'><strong>qui</strong></span> <span class='ocrx_word' id='word_1_367' title='bbox 763 3952 932 4015; x_wconf 90' lang='lat' dir='ltr'><strong>autumno</strong></span> <span class='ocrx_word' id='word_1_368' title='bbox 948 3946 1033 4015; x_wconf 89' lang='lat' dir='ltr'><strong>anni</strong></span> <span class='ocrx_word' id='word_1_369' title='bbox 1048 3951 1091 4015; x_wconf 88' lang='grc'><strong>11</strong></span> <span class='ocrx_word' id='word_1_370' title='bbox 1107 3948 1143 4015; x_wconf 87' lang='grc'><strong>16</strong></span> <span class='ocrx_word' id='word_1_371' title='bbox 1156 3946 1388 4017; x_wconf 86' lang='lat' dir='ltr'><strong>Palaestinam</strong></span> <span class='ocrx_word' id='word_1_372' title='bbox 1403 3948 1564 4029; x_wconf 79' lang='lat' dir='ltr'><strong>advenit3</strong></span> 
     </span>
     <span class='ocr_line' id='line_1_38' title="bbox 237 4051 1566 4146; baseline 0.001 -25"><span class='ocrx_word' id='word_1_373' title='bbox 237 4053 391 4122; x_wconf 88' lang='lat' dir='ltr'><strong>‘liberius</strong></span> <span class='ocrx_word' id='word_1_374' title='bbox 413 4051 603 4121; x_wconf 78' lang='lat' dir='ltr'><strong>Alexander</strong></span> <span class='ocrx_word' id='word_1_375' title='bbox 625 4075 751 4123; x_wconf 90' lang='lat' dir='ltr'><strong>munus</strong></span> <span class='ocrx_word' id='word_1_376' title='bbox 768 4052 872 4142; x_wconf 82' lang='lat' dir='ltr'><strong>gessit</strong></span> <span class='ocrx_word' id='word_1_377' title='bbox 900 4052 1075 4146; x_wconf 86' lang='lat' dir='ltr'><strong>usquead</strong></span> <span class='ocrx_word' id='word_1_378' title='bbox 1103 4074 1235 4121; x_wconf 84' lang='lat' dir='ltr'><strong>aunum</strong></span> <span class='ocrx_word' id='word_1_379' title='bbox 1261 4059 1318 4123; x_wconf 87' lang='grc'><strong>18.</strong></span> <span class='ocrx_word' id='word_1_380' title='bbox 1346 4058 1431 4122; x_wconf 88' lang='lat' dir='ltr'><strong>Cum</strong></span> <span class='ocrx_word' id='word_1_381' title='bbox 1456 4054 1566 4141; x_wconf 86' lang='lat' dir='ltr'><strong>igitur</strong></span> 
     </span>
     <span class='ocr_line' id='line_1_39' title="bbox 238 4156 1566 4251; baseline -0.002 -23"><span class='ocrx_word' id='word_1_382' title='bbox 238 4158 401 4251; x_wconf 77' lang='lat' dir='ltr'><strong>Iosephus</strong></span> <span class='ocrx_word' id='word_1_383' title='bbox 416 4158 508 4226; x_wconf 89' lang='lat' dir='ltr'><strong>dieat</strong></span> <span class='ocrx_word' id='word_1_384' title='bbox 524 4157 566 4226; x_wconf 90' lang='lat' dir='ltr'><strong>iis</strong></span> <span class='ocrx_word' id='word_1_385' title='bbox 584 4159 863 4250; x_wconf 86' lang='lat' dir='ltr'><strong>procuratoribus</strong></span> <span class='ocrx_word' id='word_1_386' title='bbox 881 4159 1044 4228; x_wconf 86' lang='lat' dir='ltr'><strong>iudaeam</strong></span> <span class='ocrx_word' id='word_1_387' title='bbox 1057 4160 1150 4229; x_wconf 84' lang='lat' dir='ltr'><strong>lame</strong></span> <span class='ocrx_word' id='word_1_388' title='bbox 1164 4156 1330 4229; x_wconf 84' lang='grc'><strong>6111161666</strong></span> <span class='ocrx_word' id='word_1_389' title='bbox 1344 4182 1431 4242; x_wconf 89' lang='lat' dir='ltr'><strong>esse,</strong></span> <span class='ocrx_word' id='word_1_390' title='bbox 1448 4165 1566 4229; x_wconf 87' lang='lat' dir='ltr'><strong>censet</strong></span> 
     </span>
     <span class='ocr_line' id='line_1_40' title="bbox 238 4263 1564 4349; baseline 0.001 -15"><span class='ocrx_word' id='word_1_391' title='bbox 238 4265 352 4335; x_wconf 83' lang='lat' dir='ltr'><strong>Belser</strong></span> <span class='ocrx_word' id='word_1_392' title='bbox 373 4263 509 4333; x_wconf 90' lang='lat' dir='ltr'><strong>initium</strong></span> <span class='ocrx_word' id='word_1_393' title='bbox 528 4265 627 4333; x_wconf 85' lang='lat' dir='ltr'><strong>lamis</strong></span> <span class='ocrx_word' id='word_1_394' title='bbox 646 4288 715 4334; x_wconf 92' lang='lat' dir='ltr'><strong>non</strong></span> <span class='ocrx_word' id='word_1_395' title='bbox 733 4287 810 4333; x_wconf 93' lang='lat' dir='ltr'><strong>cum</strong></span> <span class='ocrx_word' id='word_1_396' title='bbox 831 4265 948 4335; x_wconf 86' lang='lat' dir='ltr'><strong>orosio</strong></span> <span class='ocrx_word' id='word_1_397' title='bbox 962 4265 1008 4335; x_wconf 90' lang='lat' dir='ltr'><strong>ad</strong></span> <span class='ocrx_word' id='word_1_398' title='bbox 1023 4287 1155 4335; x_wconf 91' lang='lat' dir='ltr'><strong>annum</strong></span> <span class='ocrx_word' id='word_1_399' title='bbox 1170 4270 1226 4349; x_wconf 82' lang='grc'><strong>11,</strong></span> <span class='ocrx_word' id='word_1_400' title='bbox 1248 4265 1308 4335; x_wconf 86' lang='grc'><strong>6661</strong></span> <span class='ocrx_word' id='word_1_401' title='bbox 1324 4265 1370 4333; x_wconf 87' lang='grc'><strong>661</strong></span> <span class='ocrx_word' id='word_1_402' title='bbox 1389 4272 1495 4335; x_wconf 74' lang='grc'><strong>116-16</strong></span> <span class='ocrx_word' id='word_1_403' title='bbox 1512 4289 1564 4335; x_wconf 89' lang='lat' dir='ltr'><strong>re·</strong></span> 
     </span>
    </p>
   </div>
   <div class='ocr_carea' id='block_1_10' title="bbox 194 4369 1564 4464">
    <p class='ocr_par' dir='ltr' id='par_1_10' title="bbox 194 4369 1564 4464">
     <span class='ocr_line' id='line_1_41' title="bbox 194 4369 1564 4464; baseline -0.001 -23"><span class='ocrx_word' id='word_1_404' title='bbox 194 4388 198 4397; x_wconf 83' lang='lat'>&#39;</span> <span class='ocrx_word' id='word_1_405' title='bbox 237 4369 416 4441; x_wconf 80' lang='lat' dir='ltr'><strong>ferendum</strong></span> <span class='ocrx_word' id='word_1_406' title='bbox 437 4393 508 4440; x_wconf 90' lang='grc'><strong>6666</strong></span> <span class='ocrx_word' id='word_1_407' title='bbox 532 4370 661 4462; x_wconf 82' lang='lat' dir='ltr'><strong>(Theoi.</strong></span> <span class='ocrx_word' id='word_1_408' title='bbox 687 4375 747 4450; x_wconf 82' lang='lat' dir='ltr'><strong>Qu.</strong></span> <span class='ocrx_word' id='word_1_409' title='bbox 771 4376 857 4441; x_wconf 87' lang='grc'><strong>1898</strong></span> <span class='ocrx_word' id='word_1_410' title='bbox 875 4396 910 4464; x_wconf 92' lang='lat' dir='ltr'><strong>p.</strong></span> <span class='ocrx_word' id='word_1_411' title='bbox 931 4372 1025 4461; x_wconf 81' lang='lat' dir='ltr'><strong>35t).</strong></span> <span class='ocrx_word' id='word_1_412' title='bbox 1042 4371 1110 4441; x_wconf 85' lang='lat' dir='ltr'><strong>Sed</strong></span> <span class='ocrx_word' id='word_1_413' title='bbox 1126 4394 1205 4440; x_wconf 90' lang='lat' dir='ltr'><strong>cum</strong></span> <span class='ocrx_word' id='word_1_414' title='bbox 1220 4371 1387 4463; x_wconf 80' lang='lat' dir='ltr'><strong>losephus</strong></span> <span class='ocrx_word' id='word_1_415' title='bbox 1402 4372 1492 4439; x_wconf 92' lang='lat' dir='ltr'><strong>nibil</strong></span> <span class='ocrx_word' id='word_1_416' title='bbox 1510 4372 1564 4440; x_wconf 91' lang='lat' dir='ltr'><strong>di·</strong></span> 
     </span>
    </p>
   </div>
   <div class='ocr_carea' id='block_1_11' title="bbox 237 4477 1564 4793">
    <p class='ocr_par' dir='ltr' id='par_1_11' title="bbox 237 4477 1564 4793">
     <span class='ocr_line' id='line_1_42' title="bbox 238 4477 1561 4575; baseline 0 -28"><span class='ocrx_word' id='word_1_417' title='bbox 238 4484 294 4547; x_wconf 92' lang='lat' dir='ltr'><strong>cat</strong></span> <span class='ocrx_word' id='word_1_418' title='bbox 316 4478 359 4547; x_wconf 91' lang='lat' dir='ltr'><strong>de</strong></span> <span class='ocrx_word' id='word_1_419' title='bbox 379 4477 615 4560; x_wconf 79' lang='lat' dir='ltr'><strong>initioiamis,</strong></span> <span class='ocrx_word' id='word_1_420' title='bbox 636 4477 697 4546; x_wconf 89' lang='lat' dir='ltr'><strong>sed</strong></span> <span class='ocrx_word' id='word_1_421' title='bbox 713 4479 824 4547; x_wconf 92' lang='lat' dir='ltr'><strong>solum</strong></span> <span class='ocrx_word' id='word_1_422' title='bbox 836 4480 961 4546; x_wconf 91' lang='lat' dir='ltr'><strong>lamem</strong></span> <span class='ocrx_word' id='word_1_423' title='bbox 976 4501 1017 4547; x_wconf 91' lang='lat' dir='ltr'><strong>eo</strong></span> <span class='ocrx_word' id='word_1_424' title='bbox 1034 4483 1191 4569; x_wconf 85' lang='lat' dir='ltr'><strong>tempore</strong></span> <span class='ocrx_word' id='word_1_425' title='bbox 1204 4478 1369 4548; x_wconf 84' lang='lat' dir='ltr'><strong>afflixisse</strong></span> <span class='ocrx_word' id='word_1_426' title='bbox 1384 4478 1561 4575; x_wconf 81' lang='lat' dir='ltr'><strong>Iudaeam,</strong></span> 
     </span>
     <span class='ocr_line' id='line_1_43' title="bbox 237 4582 1564 4677; baseline 0.003 -27"><span class='ocrx_word' id='word_1_427' title='bbox 237 4583 326 4652; x_wconf 91' lang='lat' dir='ltr'><strong>nihil</strong></span> <span class='ocrx_word' id='word_1_428' title='bbox 353 4584 466 4652; x_wconf 87' lang='lat' dir='ltr'><strong>obstat</strong></span> <span class='ocrx_word' id='word_1_429' title='bbox 481 4582 663 4676; x_wconf 88' lang='lat' dir='ltr'><strong>quominus</strong></span> <span class='ocrx_word' id='word_1_430' title='bbox 678 4606 756 4653; x_wconf 91' lang='lat' dir='ltr'><strong>cum</strong></span> <span class='ocrx_word' id='word_1_431' title='bbox 774 4584 889 4653; x_wconf 86' lang='lat' dir='ltr'><strong>Orosio</strong></span> <span class='ocrx_word' id='word_1_432' title='bbox 909 4585 1036 4653; x_wconf 84' lang='lat' dir='ltr'><strong>lumem</strong></span> <span class='ocrx_word' id='word_1_433' title='bbox 1056 4585 1184 4654; x_wconf 86' lang='grc'><strong>1661666</strong></span> <span class='ocrx_word' id='word_1_434' title='bbox 1203 4608 1276 4654; x_wconf 85' lang='lat' dir='ltr'><strong>esse</strong></span> <span class='ocrx_word' id='word_1_435' title='bbox 1293 4586 1317 4654; x_wconf 86' lang='lat' dir='ltr'><strong>i.</strong></span> <span class='ocrx_word' id='word_1_436' title='bbox 1341 4609 1372 4654; x_wconf 93' lang='grc'><strong>6.</strong></span> <span class='ocrx_word' id='word_1_437' title='bbox 1393 4585 1564 4677; x_wconf 90' lang='lat' dir='ltr'><strong>incepisse</strong></span> 
     </span>
     <span class='ocr_line' id='line_1_44' title="bbox 242 4689 1564 4793; baseline 0.002 -35"><span class='ocrx_word' id='word_1_438' title='bbox 242 4689 397 4759; x_wconf 87' lang='lat' dir='ltr'><strong>dicamus</strong></span> <span class='ocrx_word' id='word_1_439' title='bbox 414 4713 505 4760; x_wconf 89' lang='lat' dir='ltr'><strong>anno</strong></span> <span class='ocrx_word' id='word_1_440' title='bbox 524 4697 577 4761; x_wconf 88' lang='grc'><strong>11.</strong></span> <span class='ocrx_word' id='word_1_441' title='bbox 598 4690 680 4759; x_wconf 89' lang='lat' dir='ltr'><strong>lnde</strong></span> <span class='ocrx_word' id='word_1_442' title='bbox 700 4691 816 4793; x_wconf 85' lang='lat' dir='ltr'><strong>itaque</strong></span> <span class='ocrx_word' id='word_1_443' title='bbox 831 4699 964 4763; x_wconf 86' lang='lat' dir='ltr'><strong>certum</strong></span> <span class='ocrx_word' id='word_1_444' title='bbox 981 4698 1121 4787; x_wconf 84' lang='lat' dir='ltr'><strong>tempus</strong></span> <span class='ocrx_word' id='word_1_445' title='bbox 1139 4690 1318 4783; x_wconf 82' lang='lat' dir='ltr'><strong>colligitur</strong></span> <span class='ocrx_word' id='word_1_446' title='bbox 1333 4715 1398 4785; x_wconf 92' lang='lat' dir='ltr'><strong>pro</strong></span> <span class='ocrx_word' id='word_1_447' title='bbox 1415 4693 1456 4761; x_wconf 91' lang='lat' dir='ltr'><strong>iis</strong></span> <span class='ocrx_word' id='word_1_448' title='bbox 1475 4716 1564 4785; x_wconf 93' lang='lat' dir='ltr'><strong>quae</strong></span> 
     </span>
    </p>
   </div>
   <div class='ocr_carea' id='block_1_12' title="bbox 0 0 2068 5442">
    <p class='ocr_par' dir='ltr' id='par_1_12' title="bbox 0 0 2068 5442">
     <span class='ocr_line' id='line_1_45' title="bbox 0 0 2068 5442; baseline 0 1"><span class='ocrx_word' id='word_1_449' title='bbox 0 0 2068 5442; x_wconf 95' lang='lat' dir='ltr'><strong> </strong></span> 
     </span>
    </p>
   </div>
  </div>
 </body>
</html>
