4092 5490
226 316 285 376 188
761 341 831 387 scr.
854 324 1008 398 tomes.

224 463 318 532 idem
339 467 413 536 tere
432 475 604 562 astatque
625 481 774 562 διαπορεῖν
793 496 826 540 v.
850 479 891 538 17
913 468 1014 557 (Βῐ.);
1039 495 1055 528 c
1077 465 1179 534 tacite
1203 465 1320 533 anima
1340 468 1547 538 solutionem

223 571 350 663 accipit
373 569 462 665 quie
487 580 583 668 prius
607 577 780 646 dubitavit
805 603 821 638 s
845 573 971 664 (Cin),
992 571 1084 640 unde
1107 570 1200 639 dicit
1218 572 1372 665 Spiritus
1391 573 1424 641 ei
1443 594 1457 639 .·
1476 596 1550 642 ecce

223 677 292 746 viri
313 691 380 749 tres
401 696 576 774 quoerant
594 696 639 768 te,
660 705 693 748 v.
715 689 757 749 20
773 702 873 770 surqe
887 678 1020 770 itaque,
1040 678 1207 748 descende
1220 683 1317 763 ἀλλά,
1331 678 1392 749 sed
1403 700 1550 768 surgens

222 786 411 872 descende;
440 816 458 851 «
484 786 682 857 coniunctio
709 786 922 855 adversativa
941 790 1023 857 ἀλλὰ
1039 791 1174 878 spectat
1194 785 1296 855 adid
1315 777 1413 879 quod
1430 792 1549 855 Petrus

222 891 293 960 illis
325 894 409 960 viris
437 892 642 978 rogantibus
674 892 888 983 oppositurus
922 899 1011 975 erat,
1043 893 1208 983 quodque
1233 899 1353 983 postea
1382 893 1550 984 explicate

220 998 398 1088 professus
423 997 582 1065 Cornelio
604 1003 653 1066 est
677 1022 709 1066 v.
735 1005 794 1080 283
820 1000 979 1067 videlicet
1004 997 1297 1088 quemadmodum
1319 1003 1422 1067 antea
1438 1000 1550 1068 iussus

223 1104 329 1171 edere
349 1102 392 1168 de
415 1101 501 1170 cibis
523 1103 650 1194 quibus
674 1107 762 1173 vesci
788 1103 881 1174 haud
899 1101 1041 1186 licebat,
1071 1109 1280 1193 opposuerat
1303 1126 1339 1171 se
1360 1125 1404 1171 ne
1420 1104 1559 1171 faceret·

222 1206 394 1303 religione
408 1209 571 1300 impediri
585 1234 618 1278 v.
635 1217 688 1280 13.
712 1218 765 1295 rt,
781 1210 901 1279 itidem
919 1205 1001 1276 tunc
1018 1216 1162 1297 rogatus
1173 1209 1392 1298 alienigenae
1407 1209 1548 1277 domum

222 1312 320 1382 edire
346 1315 553 1403 religionem
583 1321 784 1386 excusasset.
801 1320 867 1386 ,Est
886 1315 995 1404 igitur
1022 1315 1061 1383 in
1088 1315 1244 1384 oratione
1268 1315 1414 1408 ellipsis,
1441 1315 1547 1408 idque

221 1418 318 1488 deest
335 1421 382 1489 ed
405 1422 499 1514 quod
519 1423 649 1491 referas
670 1421 760 1490 illud
778 1425 872 1505 ἀλλὰ,
886 1420 1057 1512 plenaque
1071 1421 1242 1498 oratiosic
1257 1422 1347 1489 foret
1362 1444 1370 1492 :
1387 1444 1466 1490 ecce
1481 1421 1548 1489 viri

221 1534 394 1617 quaerunt
417 1534 467 1611 ως
491 1527 648 1616 ambiges
668 1527 810 1618 quidem
833 1550 879 1595 an
895 1528 946 1595 ire
965 1549 1045 1595 cum
1059 1528 1108 1595 eis
1120 1526 1185 1594 tibi
1197 1525 1311 1610 licem,
1329 1528 1390 1595 sed
1403 1549 1547 1616 surgam

218 1629 389 1700 descende
408 1660 426 1695 »
444 1632 555 1723 (Patr.
574 1633 652 1702 sim.
680 1633 834 1725 Wendt);
857 1635 901 1701 cl.
921 1633 1037 1720 Klotz,
1057 1637 1178 1702 Devar.
1195 1637 1208 1699 l
1223 1656 1259 1723 p.
1276 1640 1315 1717 7;
1331 1630 1387 1701 vel
1403 1654 1548 1722 genera-

218 1736 283 1804 tim
307 1736 377 1804 diei
395 1745 510 1829 potest
531 1742 613 1809 ἀλλὰ
635 1743 715 1807 ante
731 1739 974 1831 imperativum
993 1738 1190 1827 significare
1206 1738 1392 1808 transitum
1408 1738 1453 1807 ad
1472 1762 1547 1808 rem

218 1845 257 1910 in
279 1865 350 1932 qua
369 1843 475 1912 cardo
497 1840 655 1913 vertatur
673 1842 730 1936 (cl.
752 1853 827 1932 9,'t;
843 1844 932 1936 Bl.);
949 1858 985 1914 et
999 1844 1086 1913 cade
1105 1867 1184 1913 cum
1198 1845 1247 1913 eis
1260 1845 1352 1913 citit
1368 1844 1545 1929 dubitans,

219 1947 304 2040 qnia
324 1970 387 2040 eqo
409 1950 490 2033 rnisi
513 1949 611 2036 illos;
629 1952 701 2019 iam
724 1956 842 2031 Petrus
864 1951 1028 2042 perspicit
1048 1951 1096 2027 ad
1115 1949 1202 2041 quid
1220 1952 1428 2043 spectaverit
1445 1952 1555 2031 visio,¹

219 2054 265 2124 cf.
278 2077 313 2123 v.
331 2061 388 2125 28.
1350 2064 1354 2071 ’
1401 2119 1407 2130 .

253 2147 424 2230 'reserare
454 2160 655 2232 allocutioni
682 2163 828 2253 Spiritus
855 2162 962 2230 sancti
986 2162 1191 2253 obsequitur
1212 2185 1246 2232 v.
1272 2163 1546 2233 21‘descendcns

220 2266 338 2336 autern
363 2271 487 2336 Petnts
508 2268 557 2335 ed
581 2268 671 2337 viros
697 2268 788 2337 dixit
808 2290 822 2335 .·
845 2291 920 2337 eece
943 2291 1005 2358 eqo
1028 2291 1105 2337 snm
1124 2291 1226 2361 quem
1252 2256 1435 2360 quaeritis,
1458 2293 1546 2361 qnae

221 2396 328 2443 causa
350 2388 401 2441 est
419 2388 562 2465 propter
579 2398 686 2466 quum
700 2375 861 2444 venistis?
872 2398 906 2444 v.
924 2382 967 2442 22
982 2375 1043 2467 qni
1058 2374 1223 2444 dicerunt
1237 2397 1251 2442 .·
1274 2375 1453 2446 Cornelius
1467 2398 1545 2472 cen·

221 2480 330 2567 turio,
356 2482 409 2549 uir
427 2480 539 2549 iustus
556 2494 589 2550 et
606 2482 730 2550 timens
745 2474 853 2550 Deum
862 2480 880 2564 ,‘
889 2493 923 2550 et
937 2476 1172 2549 testimoninm
1184 2481 1314 2551 latens
1325 2482 1369 2550 ab
1383 2482 1545 2551 universa

220 2599 323 2677 pente
336 2587 563 2671 Indaeorum,
588 2616 604 2652 a
627 2587 746 2657 laudes
765 2588 957 2679 proterunt,
976 2594 1014 2655 ut
1029 2587 1197 2672 suadeant
1214 2588 1307 2679 quod
1321 2589 1468 2677 angelus
1481 2612 1545 2679 ap·

220 2699 385 2781 paruerat
404 2694 436 2761 ei
458 2721 474 2755 c
498 2693 626 2785 (Cir.);
649 2703 919 2764 commemorant
933 2693 1138 2782 dignitatem
1156 2695 1240 2776 eius,
1258 2694 1340 2763 dein
1354 2694 1467 2785 qualis
1480 2695 1545 2762 ha·

220 2797 346 2866 beatur
364 2798 460 2889 apud
482 2822 563 2868 suos
579 2806 619 2883 ¹et
635 2823 739 2892 quam
757 2801 847 2869 bono
867 2801 1061 2869 testimonio
1079 2800 1124 2869 ab
1143 2801 1239 2869 omni
1257 2798 1388 2891 populo
1406 2800 1544 2869 iudaice

220 2905 495 2989 commendetur,
525 2929 722 2998 responsum
749 2907 881 2999 accepit
912 2915 1127 2997 ἐχρηματίσθη,
1152 2905 1282 2974 dicitur
1309 2905 1353 2975 de
1374 2907 1545 2997 responsis

220 3032 360 3102 quoquc
383 3013 619 3095 oraculorum
640 3012 743 3104 proin
762 3011 925 3081 divinitus
947 3011 1145 3081 admonitus
1166 3018 1218 3080 est
1239 3012 1378 3102 (treet),
1402 3011 1544 3081 oraculo

219 3117 372 3186 monitus
395 3125 445 3186 est
469 3118 597 3209 (Patr.)
619 3121 662 3186 ab
683 3117 808 3211 anqelo
835 3131 968 3203 sancto,
991 3117 1157 3186 accersire
1176 3130 1209 3186 te
1232 3117 1427 3211 indomnm
1445 3141 1545 3187 suunt

220 3235 254 3290 et
277 3224 400 3292 andire
421 3227 524 3292 verta
546 3227 606 3292 eds
626 3237 678 3312 te,·
705 3225 747 3293 ef.
771 3249 804 3294 v.
826 3232 863 3308 63
882 3246 915 3291 v.
941 3230 983 3292 23
1002 3223 1223 3291 introducens
1242 3246 1323 3316 erqo
1340 3247 1398 3292 eos
1415 3226 1544 3315 recepit

219 3327 386 3421 bospitio,
416 3331 512 3398 nulla
533 3331 604 3399 iam
628 3330 794 3419 religione
814 3330 1016 3421 impeditus,
1040 3329 1211 3398 didicerat
1232 3352 1273 3399 ex
1294 3329 1425 3399 visione
1440 3337 1474 3399 et
1488 3354 1542 3400 re·

218 3437 405 3528 sponsione
428 3435 574 3527 Spiritus
600 3437 646 3527 (v.
668 3439 721 3523 20)
747 3436 841 3528 quod
860 3438 895 3504 in
913 3459 946 3506 v.
969 3441 1011 3503 28
1031 3443 1148 3527 aperte
1167 3435 1365 3528 profitetur3
1388 3440 1546 3529 sequenti

219 3554 336 3610 antem
356 3542 413 3611 die
433 3565 575 3633 snrqens
588 3545 765 3634 profectus
783 3555 834 3611 est
852 3564 929 3610 cum
947 3541 1035 3630 illis,
1053 3555 1087 3611 et
1102 3543 1247 3634 quidum
1262 3565 1305 3611 ec
1314 3543 1486 3633 fratribus
1499 3546 1542 3611 ab

219 3651 325 3739 Ioppe
352 3647 512 3716 comitati
533 3661 615 3716 sient
638 3671 731 3733 enni,
755 3671 812 3716 sex
835 3649 1017 3716 Christiani
1037 3653 1220 3739 luppenses
1239 3649 1385 3739 (11,12),
1406 3660 1464 3720 τῶν
1484 3653 1542 3718 ἀπὸ

220 3756 362 3840 Ἰἑππη;,
383 3755 524 3822 natione
538 3754 655 3823 Iudaei
668 3755 716 3843 (v.
730 3752 804 3844 t5);
821 3776 854 3820 v.
868 3759 910 3820 nt
923 3752 1033 3821 alteru
1046 3765 1162 3822 autem
1175 3753 1232 3822 dic
1247 3753 1406 3823 introivit
1418 3759 1541 3825 Gaesa-

219 3883 316 3928 ream
322 3881 339 3947 ,·
361 3860 539 3930 Coniclins
553 3883 632 3928 cero
647 3863 859 3952 exspectabat
874 3858 950 3927 illos
964 3859 1159 3928 conuocatis
1177 3860 1337 3952 coquetis
1349 3862 1421 3930 suis
1435 3876 1469 3930 et
1481 3884 1542 3930 ne·

219 3968 375 4036 cessariis
388 3966 510 4035 antici's
523 3968 546 4036 i.
569 3990 599 4037 e.
617 3967 748 4036 intimis
761 3967 879 4035 amieis
895 3965 1034 4058 (Beel.);
1056 3966 1204 4035 Cornelii
1218 3966 1304 4035 fides
1318 3974 1354 4036 et
1371 3968 1467 4059 pium
1482 3969 1544 4036 de-

218 4072 387 4143 siderium
406 4073 614 4143 describitur
631 4075 669 4141 in
683 4096 723 4142 eo
737 4072 831 4164 quod
840 4071 969 4139 dicitur
984 4074 1160 4140 Simonem
1175 4078 1313 4142 Petrum
1333 4080 1543 4165 exspectasse

220 4180 335 4249 nuntii
358 4179 470 4247 divini
494 4179 661 4248 audiendi
682 4178 842 4269 cupidus;
866 4184 918 4245 est
942 4185 977 4246 et
1001 4177 1095 4247 aliud
1118 4178 1255 4269 pietatis
1279 4184 1539 4267 argumentum,

222 4287 317 4378 quod
334 4285 495 4354 invitavit
513 4292 679 4374 cognatos
692 4290 727 4354 et
740 4284 938 4369 familiares,
952 4290 991 4352 ut
1008 4285 1035 4352 ii
1055 4306 1193 4375 quoque
1208 4285 1369 4353 nuntium
1385 4284 1542 4354 divinum

222 4396 443 4486 perciperent
468 4392 621 4486 (Satn).
647 4391 757 4461 Simul
777 4412 941 4478 magnum
956 4391 1096 4460 exhibet
1116 4395 1216 4458 Petro
1229 4391 1400 4461 honoram
1415 4392 1476 4486 tali
1490 4393 1541 4461 vi·

222 4523 341 4570 rorum
356 4523 484 4569 corona
498 4499 545 4568 ad
562 4520 643 4567 eum
656 4496 875 4567 salutandum
891 4503 1090 4568 convocata.

266 4607 539 4697 llaximam'ipse
562 4610 663 4674 Petro
687 4602 914 4672 reverentiam
936 4604 1074 4673 exhibet
1095 4626 1127 4672 v.
1149 4610 1192 4672 25
1210 4616 1243 4672 et
1252 4603 1541 4693 factumestcinn

223 4712 398 4781 introisset
420 4716 542 4783 Petrus
565 4714 602 4780 in
621 4711 763 4794 urbem,
788 4731 869 4779 nam
887 4708 926 4777 in
943 4710 1083 4779 domum
1097 4710 1239 4787 demum
1255 4711 1362 4780 intret
1375 4734 1409 4781 v.
1425 4719 1484 4797 273
1503 4713 1541 4780 id
