4154 5452
1055 362 1126 407 scr.
1149 347 1285 421 &tt-25.
1779 345 1834 406 171

507 499 638 569 illinon
651 499 852 579 attendunt,
871 496 945 563 dies
963 497 1028 563 hos
1047 497 1139 563 clare
1157 496 1279 564 referri
1291 493 1337 562 ad
1350 494 1388 562 id
1401 491 1497 584 quod
1512 515 1545 561 v.
1560 498 1604 559 22
1619 492 1750 562 dictum
1766 501 1834 579 est,

506 600 549 675 ad
569 608 662 676 Sauli
683 601 978 696 praedicationem
996 601 1035 670 in
1053 603 1165 671 altera
1190 601 1457 671 commoratione
1482 598 1708 680 damascena3
1729 600 1835 691 proin

504 721 639 806 tempus
656 710 746 778 illud
760 708 1042 777 commorationis
1055 708 1092 777 in
1107 709 1233 778 Arabia
1247 731 1316 777 non
1329 705 1536 789 includitur;
1559 711 1732 795 quantum
1748 712 1835 774 tem-

504 821 597 911 poris
617 819 653 884 in
675 815 805 883 Arabia
825 815 931 883 fuerit
951 817 1138 898 nescimus;
1157 821 1263 884 Lucas
1280 815 1331 883 nil
1349 812 1446 882 aliud
1466 813 1572 880 refert
1590 810 1658 879 nisi
1675 832 1756 879 eum
1773 834 1837 901 per

504 934 638 1014 tempus
661 927 715 991 sat
726 923 870 1011 longum
887 923 1040 989 Damasci
1055 920 1271 1012 praedicasse
1285 927 1320 990 et
1333 926 1416 988 tunc
1439 919 1476 987 in
1492 916 1677 987 lerusalem
1701 918 1838 1009 profec-

504 1037 579 1097 tum
599 1052 683 1098 esse.
703 1026 850 1097 APaulo
870 1034 986 1094 autem
1001 1026 1182 1110 discimus,
1204 1049 1225 1096 a
1243 1025 1467 1094 conversione
1487 1024 1658 1116 usquead
1678 1025 1746 1091 iter
1763 1024 1837 1092 lere

505 1143 574 1205 tres
589 1136 725 1205 fluxisse
739 1134 887 1202 annosi.
906 1155 936 1200 e.
955 1132 1069 1224 priore
1089 1139 1123 1200 et
1146 1132 1256 1201 altera
1274 1131 1547 1200 commoratione
1573 1133 1781 1200 damascena
1804 1134 1838 1196 et

506 1241 774 1312 commoratione
789 1240 828 1307 in
847 1239 990 1320 Arabia3
1005 1245 1112 1307 Lucas
1124 1238 1279 1330 loquitur
1292 1237 1405 1306 solum
1422 1236 1466 1305 de
1486 1245 1632 1327 utraque
1646 1258 1838 1305 commora-

506 1349 599 1417 tione
620 1348 656 1414 iu
679 1347 783 1427 urbe;
801 1346 892 1413 hanc
912 1367 977 1436 per
996 1345 1070 1412 dies
1093 1345 1228 1436 aliquot
1248 1351 1282 1413 et
1299 1366 1363 1436 per
1379 1342 1452 1411 dies
1467 1342 1595 1411 multos
1610 1343 1721 1411 fuisse
1736 1341 1835 1426 dieit;

506 1477 589 1542 ergo
602 1452 809 1521 concludere
824 1452 904 1520 licet
918 1474 998 1519 eum
1013 1451 1142 1519 diutius
1157 1452 1195 1519 in
1213 1450 1340 1520 Arabia
1356 1450 1472 1518 fuisse.
1487 1448 1551 1519 Ubi
1564 1448 1673 1537 igitur
1687 1454 1739 1517 est
1757 1471 1838 1516 con-

505 1559 686 1628 tradictio?
700 1560 771 1626 imo
785 1580 829 1626 ne
844 1558 1070 1626 contradictio
1086 1559 1228 1649 quidem
1241 1560 1364 1626 merito
1379 1557 1626 1640 affirmaretur,
1643 1556 1673 1624 si
1686 1556 1834 1646 spatium

505 1688 674 1736 annorum
700 1667 807 1734 trium
827 1665 959 1733 diceret
984 1669 1089 1733 Lucas
1116 1665 1190 1733 dies
1218 1664 1360 1746 multos3
1381 1685 1464 1733 nem
1480 1669 1501 1731 3
1519 1667 1605 1750 Reg.
1622 1668 1838 1746 2,38revera

506 1774 574 1842 tale
599 1774 747 1866 spatium
770 1772 934 1841 hebraice
951 1777 985 1840 et
1006 1773 1110 1839 latine
1129 1771 1332 1860 designatur
1353 1764 1618 1839 diebus'multis
1633 1769 1682 1858 (et
1707 1776 1726 1838 t
1749 1774 1833 1857 aeg.

506 1887 564 1965 8,2
586 1881 813 1968 Hieronymus
835 1879 984 1970 spatium
1002 1899 1175 1946 annorum
1189 1883 1322 1968 septem
1342 1877 1508 1968 expressit
1522 1899 1585 1968 per
1593 1876 1668 1944 dies
1682 1876 1832 1965 multos).

550 1987 667 2055 ludaei
683 2007 763 2053 cum
784 1985 925 2053 Saulum
943 1985 1154 2072 argumentis
1169 1983 1320 2053 refutare
1345 2005 1415 2052 non
1434 1987 1573 2074 possent
1593 1987 1778 2051 recurrunt
1792 1981 1836 2050 ad

506 2093 577 2159 iu'm
591 2099 625 2160 et
637 2091 838 2159 nolentiam
852 2113 861 2173 3
878 2092 1076 2181 conspirant
1087 2089 1132 2158 ad
1147 2091 1220 2158 eius
1235 2090 1540 2179 interemptionem
1560 2109 1568 2157 :
1586 2087 1770 2155 consitium
1779 2088 1836 2176 se-

506 2210 626 2267 verunt
641 2199 680 2265 in
693 2219 801 2266 unum
815 2196 952 2280 lzcdaei,
969 2209 1009 2263 nt
1022 2218 1101 2264 eum
1116 2195 1347 2287 interficerent
1365 2203 1634 2266 συνεύουλεύσαντο
1649 2216 1836 2263 commune

505 2305 688 2374 consilium
702 2304 873 2387 inierunt3
896 2303 989 2394 quod
1004 2310 1042 2371 ut
1066 2310 1345 2395 exsequerentur,
1361 2324 1421 2371 eos
1442 2325 1508 2394 ope
1528 2301 1696 2394 praefecti
1714 2301 1850 2369 civita··

504 2414 560 2496 tis,
586 2412 796 2481 ethnarcbee
822 2411 913 2500 regis
932 2416 1054 2479 Aretae
1079 2409 1132 2500 (lv
1151 2409 1240 2495 scil,
1267 2410 1360 2498 regis
1383 2407 1657 2503 Nabataeorum,
1683 2409 1744 2499 qui
1775 2406 1835 2473 diu

504 2520 674 2609 regnavit)
692 2540 769 2586 usos
785 2540 855 2585 esse
870 2517 1034 2584 discimus
1053 2538 1095 2584 ex
1108 2522 1129 2582 2
1144 2519 1220 2585 Cor.
1241 2522 1361 2598 11,sa;
1378 2537 1412 2582 v.
1436 2521 1480 2582 st
1497 2528 1600 2582 notae
1622 2526 1739 2582 autem
1755 2514 1836 2602 sac-

504 2637 648 2693 toesunt
670 2625 779 2693 Saule
796 2621 946 2691 insidiae
965 2641 1103 2707 corana·
1125 2621 1365 2690 custodiebant
1388 2633 1504 2689 autem
1528 2633 1562 2688 et
1581 2632 1704 2712 portas
1725 2618 1835 2686 dieue

505 2744 612 2814 nocte,
624 2744 748 2798 meum
764 2731 1012 2818 interficerem
1026 2735 1047 2795 2
1060 2732 1137 2796 Cor.
1154 2734 1256 2811 1132
1268 2751 1277 2799 :
1288 2728 1480 2797 ethnarcha
1488 2731 1613 2795 hretae
1621 2726 1715 2814 regis
1722 2731 1837 2794 custo-

505 2837 621 2906 diebat
632 2836 805 2904 civitatem
826 2842 1131 2919 Damascenorum,
1156 2842 1194 2903 ut
1213 2856 1268 2902 me
1286 2833 1608 2926 comprehenderet.
1640 2837 1730 2900 Num
1752 2852 1836 2918 ergo

504 2943 753 3012 contradictio?
772 2964 849 3011 eam
862 2950 969 3030 negat
982 2941 1035 3009 Bl.
1053 2964 1191 3032 quoque
1207 2963 1288 3009 cum
1303 2939 1483 3009 catholicis
1495 2938 1745 3030 interpretibus
1755 2960 1836 3005 ecn-

503 3049 672 3119 sentiens:
692 3077 709 3112 «
733 3072 822 3140 quae
837 3055 952 3117 autem
966 3049 1157 3117 ethnarcha
1175 3046 1271 3128 fecit,
1286 3046 1485 3115 auctoribus
1503 3046 1674 3137 profecto,
1693 3046 1835 3114 fortasse

477 3159 604 3225 etium
626 3156 790 3224 ministris
811 3156 944 3224 ludaeis
975 3154 1072 3237 lecit3
1092 3156 1208 3244 itaque
1238 3152 1327 3220 nihil
1353 3156 1459 3221 Lucas
1481 3152 1528 3221 ab
1547 3173 1665 3220 rerum
1689 3151 1833 3219 veritate

503 3264 694 3331 discedit».
711 3269 749 3330 Et
772 3290 789 3325 a
814 3262 954 3330 evidens
970 3284 1040 3329 esse
1060 3265 1162 3350 puto,
1186 3260 1278 3348 regis
1300 3258 1434 3327 arabici
1460 3260 1694 3349 praelectum,
1722 3258 1788 3325 nisi
1814 3280 1835 3325 a

503 3369 634 3437 ludaeis
648 3367 753 3436 Paulo
773 3369 914 3436 intensis
925 3368 1043 3435 fuisset
1056 3366 1233 3447 incitatus,
1249 3367 1419 3434 rationem
1433 3387 1497 3432 cur
1510 3387 1590 3434 eum
1606 3364 1835 3456 comprehen-

504 3476 601 3543 deret
623 3498 690 3542 non
718 3473 920 3543 habiturum
949 3475 1070 3557 fuisse,
1096 3496 1161 3541 nec
1180 3471 1338 3552 ludaeos,
1364 3471 1433 3540 nisi
1451 3472 1664 3564 praetectum
1687 3470 1835 3539 civitatis

505 3582 739 3669 instigassent,
759 3589 876 3671 portas
896 3579 1071 3648 custodire
1096 3579 1349 3670 potuissemus
1370 3570 1481 3666 igitur
1499 3577 1671 3648 relatione
1689 3577 1835 3646 alteram
1891 3575 1897 3588 '

504 3689 712 3779 complentes
726 3687 847 3755 ambas
858 3687 1019 3754 facillime
1038 3684 1290 3754 conciliamus»
1306 3684 1469 3776 (Cornety
1482 3686 1507 3752 l.
1525 3708 1556 3753 c.
1572 3708 1607 3774 p.
1626 3685 1727 3773 311);
1745 3707 1777 3750 v.
1792 3690 1834 3754 25

504 3795 707 3885 accipientes
719 3808 834 3861 nutem
843 3815 921 3861 eum
935 3791 1100 3884 discipuli
1110 3792 1135 3859 i.
1146 3815 1176 3861 e.
1189 3790 1320 3876 fideles,
1331 3791 1529 3874 Christiani,
1544 3790 1705 3882 discipuli
1713 3789 1837 3858 Christi

504 3901 597 3988 (Bed.
614 3900 756 3989 Saloe),
775 3901 876 3991 proin
888 3899 1048 3990 discipuli
1057 3920 1135 3967 eum
1151 3897 1375 3982 induxerunt,
1389 3902 1428 3967 ut
1438 3898 1789 3991 periculumoritaret
1803 3901 1837 3964 et

502 4031 537 4076 se
549 4006 682 4076 insidiis
693 4006 911 4088 subduceret,
928 4028 1006 4074 cum
1020 4005 1093 4096 ipse
1107 4026 1172 4095 pro
1186 4004 1302 4072 animo
1314 4003 1397 4072 forti
1408 4010 1441 4072 et
1453 4003 1715 4095 perpessionum
1728 4025 1837 4093 appe-

503 4123 592 4183 tente
613 4115 754 4182 tortasse
778 4114 900 4199 fugam
919 4134 990 4179 non
1009 4110 1246 4195 meditaretur,
1263 4123 1361 4178 nocte
1377 4131 1447 4203 per
1466 4132 1605 4178 murum
1629 4109 1837 4178 dimiserunt

503 4244 580 4289 eum
610 4220 847 4288 submittentes
862 4220 898 4286 in
911 4232 1044 4309 sporta,
1061 4220 1171 4286 tCor.
1195 4223 1296 4300 11,33
1315 4240 1380 4309 per
1388 4217 1581 4286 'fenestram
1594 4216 1633 4286 in
1647 4222 1766 4308 sporta
1781 4214 1835 4282 di·

502 4328 622 4396 missus
635 4349 710 4395 sum
722 4350 785 4417 per
804 4344 958 4405 murum3
975 4325 1101 4414 inipso
1117 4322 1228 4412 igitur
1241 4344 1342 4392 muro
1357 4346 1399 4393 ea
1421 4325 1571 4393 fenestra
1587 4330 1679 4406 erat,
1700 4322 1773 4390 scil.
1791 4321 1836 4390 ad

504 4439 674 4503 tormenta
689 4433 857 4502 mittenda
874 4432 971 4523 (Bt),

545 4657 700 4737 tempore
715 4660 852 4738 Augusti
868 4663 900 4720 et
914 4655 1033 4719 Tiberii
1048 4655 1139 4718 numi
1153 4655 1279 4717 romani
1291 4654 1324 4716 in
1335 4671 1399 4716 usn
1412 4654 1505 4717 erant
1515 4651 1662 4716 Damasci
1674 4670 1683 4727 3
1696 4670 1735 4715 ex
1748 4656 1834 4724 tem·

505 4773 582 4836 pore
596 4762 703 4817 autem
715 4758 878 4837 Caligulae
892 4761 924 4819 et
936 4753 1056 4818 Claudii
1071 4754 1163 4815 numi
1177 4753 1302 4816 romani
1314 4770 1378 4816 non
1391 4755 1466 4815 sunt
1475 4750 1611 4832 reperti;
1625 4751 1834 4830 reperiuntur
