4054 5442
280 290 340 349 ⁴50
810 311 877 357 aar.
900 293 1061 365 auat-19.

280 459 355 505 mos
376 439 541 528 praelecti
566 463 822 531 synagogarum
850 443 1055 533 praeprimis
1079 448 1183 509 crunt
1203 443 1432 524 numerandi3
1460 467 1607 537 emaque

287 547 532 630 corwenissem,
558 547 693 617 dicebat
707 548 756 614 eis
777 567 790 613 .·
811 569 887 637 eqo,
910 548 978 614 ciri
997 550 1134 638 fratres,
1156 549 1250 617 nihil
1272 550 1438 618 adversus
1452 550 1604 641 plebem,

278 652 446 741 populum
471 660 642 738 nostrum,
658 666 720 721 cut
743 674 872 720 morem
886 668 1070 744 paternum
1090 654 1236 742 faciens,
1260 663 1384 724 contm
1404 679 1520 724 mores
1542 679 1606 747 pa·

278 764 369 826 trum
387 760 474 849 (gig,
495 762 538 827 cl.
557 764 709 847 graece),
726 760 859 826 cinctus
871 758 914 826 ab
929 760 1142 851 ierosolymis
1160 762 1314 829 traditus
1334 786 1412 830 sum
1430 763 1469 830 in
1484 787 1607 831 neonus

286 868 538 950 Rornanorum
560 886 665 954 quam
690 864 838 933 maxime
860 867 971 955 parcit
998 867 1132 935 ludaeis
1158 867 1492 957 hierosolymitanis3
1515 870 1605 937 nihil

281 971 364 1038 dicit
377 971 420 1037 de
440 970 593 1039 tumultu
612 970 648 1038 in
669 994 705 1037 se
726 973 883 1056 excitato,
901 971 945 1038 de
958 973 1112 1063 periculo
1133 975 1267 1054 mortis,
1289 975 1346 1041 cui
1364 983 1504 1066 ereptus
1522 977 1567 1042 sit
1584 999 1606 1042 a

277 1076 438 1153 tribuno;
460 1074 497 1142 id
510 1098 615 1144 unum
629 1076 725 1144 effert
745 1101 781 1147 se
793 1078 958 1159 vinctum,
973 1080 1147 1169 captivum
1159 1102 1200 1147 ex
1212 1079 1397 1148 Ierusalem
1411 1081 1602 1149 abductum

280 1188 315 1250 ct
343 1181 558 1269 magistratui
587 1204 732 1251 romano
758 1207 829 1252 esse
854 1185 1031 1254 traditum.
1056 1188 1159 1253 Proin
1186 1185 1308 1253 omnia
1339 1188 1493 1277 quaein
1518 1188 1604 1254 urbe

277 1284 394 1355 ludaei
405 1286 595 1356 machinati
607 1291 691 1371 sint,
707 1289 846 1358 insidias
863 1311 948 1381 quas
963 1290 1150 1357 struxerint
1163 1292 1339 1381 adipsum
1357 1292 1600 1374 occidendum,

278 1392 415 1462 silentio
433 1394 572 1484 premit.
598 1395 718 1462 Statim
746 1394 792 1462 ad
807 1417 880 1463 rem
903 1399 1087 1464 Caesareae
1112 1404 1246 1484 gestam
1273 1401 1407 1466 transit.
1431 1400 1470 1466 ld
1491 1422 1601 1468 unum

281 1499 452 1590 explicare
469 1499 559 1581 vult,
580 1522 643 1567 cur
664 1508 799 1568 coaetus
815 1503 860 1568 sit
881 1506 1057 1570 Cacsarmn
1083 1502 1274 1593 appellare.
1298 1504 1399 1571 Proin
1425 1506 1461 1571 id
1488 1506 1599 1573 solum

282 1611 405 1672 contra
423 1603 563 1674 ludaeos
576 1604 659 1674 dicit
674 1607 768 1696 quod
787 1607 890 1697 plane
911 1610 1140 1677 necessarium
1160 1617 1250 1692 erat,
1266 1618 1305 1678 ut
1327 1611 1452 1679 merito
1477 1611 1602 1678 laetam

276 1732 348 1778 esse
379 1711 655 1801 appellationem
686 1720 879 1804 appareret.
907 1721 1018 1805 Atque
1045 1715 1239 1807 prudenter
1260 1717 1311 1784 ita
1335 1717 1422 1804 agit.
1449 1718 1485 1784 si
1510 1718 1602 1784 enim

281 1816 397 1884 omnia
415 1817 623 1908 exposuisset
641 1841 729 1909 quac
743 1818 811 1887 sibi
824 1842 846 1887 a
864 1819 997 1888 ludaeis
1015 1820 1110 1889 illata
1126 1829 1258 1904 essent,
1275 1845 1392 1891 nonne
1406 1824 1498 1891 visus
1516 1831 1604 1891 essct

279 1924 435 1991 animum
457 1922 608 2014 pandere
627 1926 860 1994 exulceratum
879 1929 915 1994 in
934 1926 1098 1994 Iudaeos?
1115 1950 1186 2018 quo
1205 1930 1350 1996 ludaeos
1376 1951 1540 1998 romanos
1554 1931 1603 1996 ol-

279 2028 438 2098 lenderct
457 2031 554 2120 quasi
568 2032 657 2099 male
670 2031 810 2100 allectus
827 2032 864 2099 in
878 2033 1088 2101 contribules
1100 2056 1191 2102 suos.

320 2139 411 2214 Quae
445 2139 627 2206 Caesareae
646 2146 742 2226 gesta
765 2147 859 2222 sunt,
882 2140 1002 2207 eadem
1026 2140 1195 2208 brevitate
1218 2148 1480 2231 proponuntur;
1500 2166 1534 2209 v.
1559 2149 1601 2210 18

210 2262 213 2267 ’
280 2241 343 2332 qni
361 2263 439 2309 eum
462 2240 766 2334 interropationem
790 2243 832 2312 cle
850 2267 903 2312 mc
921 2246 1128 2333 habuissent,
1153 2247 1335 2314 coluerunt
1357 2271 1411 2315 nte
1430 2247 1601 2316 diarrittcre

284 2369 323 2415 eo
338 2346 435 2438 quod
450 2348 547 2417 nullu
566 2362 769 2419 essetecum
782 2351 902 2419 mortis
917 2352 955 2419 in
973 2374 1027 2420 me
1043 2353 1176 2441 (25,25;
1194 2354 1330 2443 26,31);
1346 2377 1378 2420 v.
1403 2361 1443 2421 tu
1466 2367 1604 2422 ceretro-

285 2453 475 2523 dicentibus
497 2468 612 2523 antem
642 2456 778 2526 Indaeis
805 2472 942 2526 comeus
966 2482 1043 2526 suen
1066 2459 1243 2551 appretiare
1270 2464 1451 2529 Caesarem
1463 2484 1475 2541 ,·
1497 2463 1601 2529 etiam

277 2559 334 2627 hic
354 2559 460 2628 valde
483 2562 659 2630 moderate
678 2563 846 2654 loquitur3
873 2566 916 2632 cl.
938 2572 1036 2645 25,3;
1062 2566 1181 2634 ludaei
1205 2569 1350 2634 omnino
1378 2567 1601 2657 postulabant

278 2666 352 2733 eius
364 2672 510 2735 mortem
522 2674 556 2735 et
574 2668 662 2736 adeo
684 2669 776 2760 apud
797 2674 927 2739 Festum
948 2671 1138 2753 instabant,
1161 2680 1199 2738 ut
1221 2674 1251 2739 is
1266 2679 1389 2740 contra
1405 2695 1503 2740 suam
1526 2695 1600 2739 sen-

279 2772 425 2839 tentiam
451 2771 582 2863 (2535)
603 2774 637 2842 id
661 2775 779 2864 effugii
800 2777 952 2867 arripere
974 2776 1076 2844 vellet
1102 2778 1194 2867 quod
1219 2785 1299 2858 25,9
1324 2780 1504 2870 proponit;
1529 2780 1601 2846 vult

282 2878 376 2947 enim
406 2878 548 2946 Paulum
570 2880 751 2961 inducere,
778 2889 816 2949 ut
840 2905 860 2950 a
887 2883 1052 2950 tribunali
1078 2906 1223 2951 romano
1250 2885 1416 2952 recedens
1443 2909 1480 2952 sc
1508 2886 1600 2952 sistat

278 2984 451 3072 synedrio.
475 2991 545 3054 lam
563 2986 684 3054 Paulus
705 2994 841 3056 coactus
860 2996 934 3056 erat
953 2991 1000 3056 uti
1021 2990 1095 3056 iure
1114 2990 1376 3080 appellationis,
1397 3013 1441 3057 ne
1461 2990 1600 3058 tandem

277 3095 391 3160 Festus
419 3091 701 3183 postulationihus
729 3092 930 3162 ludaeorum
954 3093 1079 3162 cedens
1103 3097 1297 3163 contraius
1324 3099 1435 3186 ipsum
1457 3097 1602 3163 donaret

282 3198 416 3266 ludaeis
427 3198 609 3288 (triu-11).
626 3199 718 3266 Unde
731 3199 903 3268 verissime
917 3208 1051 3269 coaetus
1070 3210 1120 3269 est
1140 3202 1266 3270 Paulus
1286 3202 1602 3270 contradicentibus

281 3303 458 3371 ludaeisct
469 3308 601 3371 Festum
611 3304 655 3371 ad
670 3326 765 3372 suam
782 3306 1099 3375 condemnationem
1110 3309 1329 3395 urgentibus,
1347 3309 1474 3397 quibus
1489 3313 1601 3376 Festus

281 3411 349 3478 iam
360 3408 480 3477 cedere
490 3416 629 3499 paratus
640 3418 731 3489 erat:
747 3411 1033 3503 additurquidem
1050 3415 1085 3480 in
1101 3414 1212 3482 altera
1227 3415 1388 3491 lectiona3
1404 3423 1437 3482 ct
1449 3416 1600 3483 claman-

281 3515 373 3583 tibus
388 3539 396 3582 :
413 3514 495 3583 telle
511 3514 686 3584 inimicum
706 3524 877 3597 nostrum
893 3542 1010 3587 rerum
1027 3520 1112 3587 haec
1130 3523 1236 3588 rerba
1255 3544 1324 3587 non
1342 3529 1538 3610 congruunt
1556 3520 1599 3587 ad

278 3623 374 3691 illam
398 3622 686 3706 moderationem,
701 3624 770 3691 imo
796 3625 1024 3703 reticentiam,
1042 3651 1111 3715 qna
1135 3628 1313 3716 apostolus
1334 3630 1442 3696 utitur
1457 3627 1600 3717 loquens

277 3731 320 3798 de
333 3729 485 3809 ludaeis,
502 3737 680 3821 praeterea
694 3730 737 3797 de
751 3731 918 3799 eiusmodi
933 3732 1145 3801 clamoribus
1157 3735 1271 3801 solum
1289 3736 1419 3800 mentio
1435 3734 1471 3799 sn
1485 3739 1597 3811 2222,

273 3859 397 3927 exque
423 3836 497 3905 loco
516 3838 687 3924 glossema
711 3836 776 3904 hoc
795 3836 963 3924 originem
985 3837 1095 3911 ducit:
1114 3863 1183 3905 reon
1204 3841 1309 3929 quen
1330 3852 1466 3929 pentem
1488 3862 1595 3905 arreum

282 3943 409 4011 laberis
427 3942 565 4034 aliquid
585 3963 765 4026 cccaesare;
780 3965 847 4012 non
868 3944 975 4030 igitur
992 3944 1037 4012 ad
1058 3946 1314 4014 accusationem
1334 3946 1449 4033 gentis
1465 3952 1600 4012 nostrae

281 4050 469 4142 appellatio
484 4057 533 4118 est
556 4051 664 4131 iacta,
685 4072 803 4119 verum
818 4050 868 4117 uti
890 4051 974 4119 alias
992 4051 1142 4119 habetur
1159 4075 1166 4120 :
1186 4052 1246 4119 scd
1261 4060 1299 4118 ut
1319 4053 1471 4119 animam
1489 4072 1600 4118 meam

278 4158 329 4249 (id
343 4163 394 4227 cst
408 4159 591 4248 meipsum)
606 4179 627 4224 a
642 4164 750 4225 morte
768 4156 961 4225 liberarem.
986 4165 1076 4236 Quae
1092 4158 1193 4227 lectio
1213 4159 1495 4235 commendatum
1518 4177 1597 4224 nam

280 4266 349 4334 tale
363 4264 498 4356 aliquid
513 4264 584 4332 lere
598 4263 788 4330 necessario
801 4262 881 4331 addi
899 4262 1016 4343 debet,
1035 4274 1071 4332 ut
1088 4265 1176 4332 ratio
1189 4265 1368 4347 reddatur,
1386 4288 1449 4333 cur
1460 4263 1600 4332 tandem

280 4384 418 4441 coactas
436 4372 480 4439 sit
495 4369 670 4461 appellare
682 4372 871 4437 Caesarem.
896 4371 1008 4440 ludaei
1026 4373 1117 4439 enim
1139 4373 1226 4459 legis
1246 4373 1391 4440 studiosi
1411 4370 1600 4440 aemulato-

277 4501 347 4561 res,
362 4477 413 4545 uti
425 4476 694 4546 dominationem
709 4497 887 4545 romanam
901 4480 1091 4565 aegerrime
1107 4479 1277 4558 terebant,
1290 4479 1339 4546 ita
1352 4475 1599 4546 lucilecrimini

279 4586 461 4653 vertebam
479 4583 576 4652 adire
595 4582 749 4651 tribunal
768 4606 964 4670 romanum,
979 4585 1156 4675 appellare
1176 4590 1372 4666 Caesarem,
1395 4584 1468 4650 eius
1482 4588 1601 4649 aucto-

280 4690 419 4759 ritatem
435 4696 469 4759 ct
488 4690 758 4761 iurisdictionem
778 4713 975 4780 agnoscere.
997 4697 1106 4771 Quare
1121 4697 1356 4783 opportunum
1371 4697 1461 4775 erat,
1482 4695 1520 4756 ut
1539 4688 1601 4755 ad·
