4010 5474
264 335 323 395 338
736 392 740 399 ,
794 350 861 395 aer.
886 334 1045 408 lats-38.

264 488 382 549 bevar.
405 486 433 549 ll
453 506 488 573 p.
520 483 599 574 ata)
630 483 694 575 qui
719 483 851 551 nesciat
870 482 1098 573 Ephesiorum
1119 480 1294 549 ciuitatem
1318 477 1492 546 cultricem
1516 503 1585 549 esse

137 612 140 617 ’
262 609 413 678 maenae
440 589 575 658 Dionae
600 590 761 680 locisque
789 587 928 678 prolis?
947 595 1111 676 νεωκόρον,
1139 588 1279 677 proprio
1304 607 1312 655 :
1335 584 1395 677 qui
1416 584 1584 675 templum

262 696 386 778 verrit3
403 717 523 763 euram
542 695 666 783 templi
680 693 803 772 habet3
820 691 912 758 unde
929 693 958 758 is
972 692 1093 760 titulus
1107 692 1268 781 frequens
1282 697 1332 760 est
1345 690 1483 759 urbium
1495 712 1584 781 qnae

168 829 170 834 ·
263 804 398 871 celebre
420 799 563 892 aliquod
590 801 713 866 lanum
738 795 915 863 habebant
940 797 994 882 (cl.
1020 795 1136 881 Pluto,
1166 795 1208 863 de
1234 798 1368 883 legibus
1395 806 1473 889 ap.
1501 803 1582 882 7593

266 909 423 999 Xenoph.
440 906 549 973 Anah.
573 901 696 992 5,3,6).

308 1020 393 1082 Eum
409 1010 549 1077 titulum
568 1007 665 1075 urbis
684 1007 810 1098 Ephesi
828 1008 931 1075 etiam
948 1008 1183 1099 inscriptiones
1192 1006 1358 1096 produnt;
1371 1007 1421 1075 ita
1432 1010 1585 1099 Ephesus

263 1119 392 1186 dieitur
405 1120 554 1203 venabere
567 1132 624 1198 τῆς
644 1113 825 1203 Ἀρτέμιδος
836 1114 875 1181 in
888 1113 1109 1205 inscriptione
1125 1112 1218 1204 apud
1240 1111 1361 1195 Wood,
1385 1117 1472 1203 App.
1488 1136 1525 1204 p.
1543 1121 1585 1181 50

263 1245 300 1290 n.
318 1228 356 1304 b;
374 1220 457 1289 item
480 1219 519 1287 in
533 1218 686 1289 nummis
709 1243 743 1287 v.
763 1241 800 1307 g.
832 1220 977 1308 Ἐφεσίων
993 1227 1058 1309 τρὶς
1078 1226 1234 1309 νεωκὸρων
1256 1225 1305 1289 nui
1328 1237 1384 1305 τῆς
1409 1218 1585 1308 Ἀρτέμιδος

11 1378 15 1385 .
122 1322 157 1362 ²
264 1326 365 1418 (Bt.);
387 1325 472 1395 alias
493 1325 750 1416 inscriptiones,
773 1325 899 1415 quibus
917 1325 1010 1393 idem
1037 1327 1155 1392 titulus
1179 1325 1257 1392 urbi
1280 1324 1394 1393 eidem
1420 1323 1587 1392 tribuitur

264 1433 344 1501 vide
364 1433 460 1524 apud
477 1432 676 1522 Vipouroue
693 1431 719 1497 l.
745 1452 776 1496 c.
799 1453 836 1520 p.
863 1436 940 1498 283.
966 1436 1044 1498 287.
1070 1430 1167 1507 Quod
1184 1429 1221 1496 in
1249 1431 1343 1518 vulg.
1372 1430 1513 1500 additur
1530 1432 1586 1498 lo·

262 1540 380 1631 uisque
390 1538 504 1630 protis
520 1538 598 1626 (gig
613 1534 717 1624 lovis)
729 1556 853 1623 graece
869 1540 919 1603 est
932 1542 1043 1605 καὶτοῦ
1057 1543 1209 1616 διοπετοῦς
1233 1534 1256 1602 i.
1272 1557 1303 1602 e.
1318 1536 1491 1605 simulacri
1510 1558 1586 1604 coe·

262 1646 346 1713 litus
360 1642 492 1733 delapsi
504 1665 512 1726 ;
526 1640 753 1709 simulacrum
776 1641 885 1728 igitur
902 1642 1055 1729 ligneum
1078 1642 1203 1709 Dianae
1225 1640 1429 1721 credebatur
1446 1641 1588 1710 coelitus

263 1771 335 1818 esse
350 1748 545 1838 delapsum,
561 1746 600 1814 id
616 1747 712 1837 quod
731 1746 774 1815 de
801 1748 919 1815 multis
943 1747 1018 1815 aliis
1034 1746 1266 1817 vetustissimis
1284 1746 1476 1816 simulacris
1499 1746 1588 1815 lere·

263 1856 386 1937 batur;
403 1854 560 1944 exempla
580 1875 622 1920 er
643 1857 798 1921 veterum
826 1853 923 1921 libris
942 1854 1049 1922 babes
1073 1851 1168 1943 apud
1191 1854 1328 1939 Wetst.,·
1346 1851 1587 1922 de‘simulacro

263 1961 391 2029 Dianae
414 1959 579 2052 Ephesiae
603 1959 708 2050 plura
730 1964 889 2048 prostant
906 1958 999 2049 apud
1021 1957 1247 2043 Gronovium,
1270 1959 1366 2027 Thea.
1388 1958 1503 2049 Antiq.
1529 1979 1585 2046 gr.

264 2073 358 2135 tomo
373 2074 393 2134 't
410 2090 444 2158 p.
463 2071 528 2134 362
540 2088 615 2157 seq.
635 2092 653 2127 u
676 2065 801 2155 Ephesi
821 2066 858 2131 in
874 2064 959 2132 aede
977 2066 1197 2133 simulacrum
1216 2064 1341 2133 Dianae
1359 2087 1401 2133 ex
1417 2064 1535 2149 cedro,
1554 2070 1589 2133 et

263 2172 315 2242 ibi
330 2173 416 2240 etin
429 2173 550 2241 ceteris
567 2171 745 2239 nobilibus
759 2170 866 2255 lanis,
883 2176 1027 2262 propter
1040 2171 1277 2239 aeternitatem
1290 2175 1369 2238 sunt
1387 2171 1475 2239 lacta
1489 2197 1520 2254 r,
1538 2171 1587 2239 ita

70 2233 92 2352 Ι,
164 2298 173 2314 ·
270 2279 443 2347 Vitruvius
456 2277 514 2368 (de
533 2278 656 2345 archit.
675 2277 767 2367 2,9),
785 2275 922 2344 Plinius
943 2283 1058 2345 autem
1078 2275 1198 2346 scribit
1217 2297 1225 2344 :
1245 2302 1261 2338 ιι
1279 2277 1439 2345 convenit
1457 2280 1585 2344 mium

10 2374 31 2443 ξ’
128 2406 132 2411 ’
265 2384 338 2452 eins
356 2382 492 2475 (templi
506 2382 643 2474 Ephesi)
656 2404 729 2450 esse
747 2404 765 2449 o
783 2381 934 2450 cedrinis
949 2383 1123 2464 trabibus3
1139 2382 1182 2450 de
1205 2382 1280 2472 ipso
1298 2381 1482 2450 simulacro
1502 2381 1588 2451 deae

264 2490 471 2578 ambigitur3
489 2490 594 2558 ceteri
618 2511 659 2556 ex
681 2489 792 2556 ebeno
814 2510 884 2556 essa
899 2487 1054 2570 tradunt;
1072 2489 1245 2556 tlucianns
1262 2492 1316 2555 ter
1332 2488 1451 2556 consul
1473 2510 1514 2556 ex
1533 2489 1588 2555 his

265 2597 327 2688 qpi
350 2597 503 2687 proxime
532 2596 604 2662 viso
626 2617 668 2662 eo
693 2595 879 2684 scripsere,
901 2594 1108 2680 vitigineum
1134 2598 1168 2661 et
1190 2615 1370 2685 nunquam
1400 2598 1586 2681 mutatum,

264 2703 389 2792 septies
401 2700 557 2769 restituto
584 2701 715 2790 templo
732 2729 748 2763 ιι
762 2700 815 2789 (n.
831 2700 867 2767 h.
891 2700 1023 2789 ta‚rs);
1038 2722 1182 2769 aureum
1196 2721 1268 2768 esse
1280 2705 1393 2790 (χρυσῷ
1410 2708 1471 2771 ὄντι
1492 2712 1535 2790 τῷ
1556 2712 1587 2770 ἐν

272 2808 415 2896 Ἐφέσῳ),
441 2806 542 2896 proin
571 2805 711 2873 laminis
741 2805 856 2874 aureis
878 2810 1073 2873 contectum
1099 2805 1219 2874 scribit
1244 2805 1433 2896 Xenophon
1463 2805 1585 2896 (Anah.

266 2913 412 2999 assu.

311 3023 396 3089 Cum
408 3019 526 3108 itaque
540 3017 655 3105 gloria
668 3017 766 3086 urbis
785 3016 878 3110 apud
893 3038 1010 3085 omnes
1025 3018 1099 3085 sine
1114 3016 1344 3086 controversia
1358 3022 1505 3102 constet,
1525 3018 1590 3085 im·

265 3125 390 3193 merito
403 3123 477 3191 lieri
491 3123 540 3191 ait
557 3123 746 3191 tumultum
761 3147 793 3191 v.
822 3129 864 3192 36
887 3145 964 3190 cerm
982 3146 1062 3213 erpo
1091 3122 1146 3191 his
1163 3122 1358 3192 contradici
1372 3146 1444 3192 non
1461 3123 1587 3214 possit,

266 3243 398 3324 oportet
417 3251 475 3297 cos
493 3228 629 3297 sedatos
644 3251 715 3295 esse
736 3240 769 3294 et
792 3226 885 3296 nihil
904 3241 1027 3297 tuncne
1045 3251 1147 3319 apere
1172 3240 1322 3319 προπετές
1349 3228 1586 3312 temerarium

265 3336 351 3427 quid
367 3339 437 3404 iam
455 3334 563 3403 nimia
575 3334 843 3424 praecipitantia
855 3337 991 3423 egerint
1010 3337 1147 3426 exponit
1165 3335 1388 3426 sequentibus
1401 3357 1434 3404 v.
1462 3342 1505 3404 37
1526 3335 1590 3404 ad·

236 3482 240 3487 ·
266 3441 414 3511 duxistis
426 3442 518 3509 cuitu
531 3440 685 3509 ltotuines
699 3440 790 3526 istos,
818 3441 954 3522 Gaium,
970 3441 1202 3509 Aristarchum
1221 3464 1253 3509 v.
1275 3448 1465 3533 29,·neque
1484 3441 1590 3509 socri·

265 3551 358 3640 lepos
385 3558 578 3638 ἱεροούλους,
602 3547 743 3638 proprie
779 3545 899 3636 templi
931 3545 1147 3636 spoliatores,
1181 3569 1290 3637 neque
1317 3546 1588 3638 blasphemantes

266 3655 366 3724 deoru
383 3669 527 3722 cestr-mn
535 3673 551 3737 ,·
563 3652 646 3720 inde
662 3658 768 3742 patet,
784 3653 867 3721 dum
878 3653 1034 3742 plerique
1045 3652 1236 3720 clamarent
1247 3653 1284 3719 in
1298 3653 1445 3736 theatro,
1456 3650 1590 3744 aliquos

267 3763 328 3852 qui
342 3761 484 3828 comites
503 3758 600 3825 Pauli
618 3759 860 3848 corripuerant
881 3758 925 3824 ad
941 3758 1181 3845 magistratum
1193 3779 1332 3827 musam
1346 3756 1509 3827 detulisse
1524 3780 1588 3826 ne·

266 3888 335 3960 que
365 3873 482 3933 tamen
500 3863 754 3931 accusationem
783 3863 934 3953 potuisse
960 3862 1120 3954 probare.
1145 3867 1250 3931 Porro
1275 3863 1421 3933 artifices
1450 3885 1589 3955 qnoque

266 3980 397 4041 temere
414 3971 525 4058 egisse
543 3968 592 4037 ait
608 3991 641 4036 v.
659 3975 703 4038 38
722 3969 818 4060 qttod
827 3970 859 4036 si
877 3969 1068 4037 Demetrius
1082 3968 1188 4061 etqui
1206 3991 1333 4038 cumen
1346 3983 1426 4039 sunt
1439 3970 1589 4061 artifices

266 4088 293 4148 ot
309 4086 360 4148 etr
377 4082 457 4165 αὑτῷ
477 4092 611 4164 τεχνῖται
632 4075 734 4143 modo
753 4076 919 4166 loquendi
938 4076 1078 4145 omnino
1101 4075 1248 4144 indicari
1270 4075 1416 4159 videtur,
1431 4073 1525 4168 quod
1544 4075 1590 4143 ad

266 4207 300 4255 v.
318 4189 361 4252 nt
383 4182 471 4264 disi,
493 4180 703 4249 Demetrium
732 4181 891 4251 habuisse
913 4205 1075 4271 magnam
1101 4182 1274 4251 ollicinam
1290 4181 1327 4249 in
1350 4203 1421 4272 qna
1443 4180 1589 4250 artifices

267 4290 540 4382 occupabantur,
558 4286 684 4356 liabent
705 4287 867 4356 adsersus
885 4288 1037 4380 clipeum
1055 4310 1212 4374 causam,
1231 4296 1414 4356 conuentus
1433 4286 1588 4375 sorereses

266 4409 434 4489 cpiarum,
458 4399 597 4485 ἀγοραῖοι
623 4393 840 4486 explicantur
858 4394 902 4463 ab
925 4393 1099 4486 aliquibus
1117 4394 1248 4462 iudices
1269 4414 1452 4462 causarum
1474 4392 1587 4462 mino-

266 4526 362 4589 rum,
378 4503 433 4571 vel
449 4501 554 4571 ebant
570 4507 738 4591 δικολόγοι,
756 4507 923 4584 oratores,
937 4501 1099 4571 causidici
1115 4501 1209 4590 (Oce.
1226 4498 1371 4590 Theopt.
1385 4498 1514 4591 Patr.);
1528 4499 1589 4569 sed

268 4633 345 4680 cum
361 4633 395 4679 v.
412 4630 449 4699 g.
476 4610 636 4698 legamus
654 4607 748 4698 apud
769 4608 973 4676 Strabonem
998 4628 1007 4679 t
1030 4611 1083 4691 τὰς
1107 4611 1268 4697 ἀγοραίους
1288 4622 1438 4677 ποιοῦνται
1458 4612 1508 4677 nrt
1533 4609 1587 4688 τὰς

268 4724 462 4798 timictonia
487 4715 661 4806 (13‚t‚12;
690 4714 737 4783 al.
766 4715 908 4797 6293al.
940 4716 1041 4804 933),
1068 4713 1247 4785 retinenda
1266 4720 1318 4782 est
1339 4714 1449 4782 versio
1474 4712 1584 4799 vulg„
