4054 5442
245 265 304 324 rto
667 274 669 279 ’
768 246 842 323 sm.
865 261 1021 334 enar-u.

243 417 363 480 narrat
387 412 430 479 de
454 410 535 477 navi
560 410 708 478 habente
731 394 986 497 longitudinem
1014 417 1079 478 teu
1102 409 1319 492 cubitorum,
1349 393 1566 478 latitudinem

155 533 160 539 '
242 540 346 607 supra
362 522 519 608 quartam
532 517 635 583 huius
652 520 785 604 partem
797 521 831 582 et
844 516 1000 584 habente·
1008 516 1052 584 de
1067 523 1239 585 constrato
1253 517 1354 585 navis
1368 515 1404 583 in
1418 513 1565 582 fundum
1588 562 1592 569 .

246 625 412 715 usquead
428 624 600 692 sentinam
611 627 654 689 39
667 619 801 687 cubitos
816 622 946 709 (Πλοῑον
961 632 980 705 ἢ
996 630 1070 709 εὐχή
1087 646 1122 690 n.
1138 623 1188 712 5.)
1205 628 1240 689 et
1253 624 1450 690 Athenaeus
1465 620 1569 688 refert

234 732 337 824 quod
360 730 547 800 callixenus
565 725 609 794 de
632 726 711 791 navi
730 725 957 814 Philopatoris
971 734 1103 805 narrat,
1126 728 1230 795 tuisse
1248 728 1322 795 scil
1342 726 1569 816 longitudinis

244 844 310 906 280
324 836 519 905 cubitorum
535 830 681 920 (πηχῶν),
695 828 885 896 altitudinis
899 837 957 911 ἕως
974 835 1170 920 ἀκροστολίου
1187 838 1230 899 ts
1247 833 1444 900 cubitorum
1460 834 1566 924 (5,37)

244 949 290 1026 et,
310 941 360 1009 uti
380 930 580 1006 Plutarchus
592 934 723 1017 scribit,
741 957 783 1003 ea
802 934 880 1002 navi
894 938 1062 1006 contineri
1080 943 1244 1028 poterant
1263 939 1419 1005 virorum
1433 944 1568 1026 septem

240 1046 355 1115 ‘millia
373 1040 621 1134 quadringenti
640 1041 842 1131 (Demetrius
853 1062 890 1107 n.
908 1047 977 1130 ta).

290 1157 361 1230 Quo
375 1148 485 1236 magis
498 1147 543 1216 ad
557 1151 684 1215 terram
699 1147 978 1238 appropinquare
991 1155 1144 1238 possent,
1164 1170 1289 1217 navem
1303 1169 1408 1238 quam
1422 1147 1567 1215 maxime

246 1256 357 1325 levem
374 1254 517 1323 reddere
535 1253 721 1322 studebant
738 1275 772 1320 v.
788 1259 832 1320 33
848 1264 882 1320 et
899 1252 1022 1319 satiati
1038 1253 1113 1321 cibo
1131 1254 1344 1323 alleviabant
1358 1276 1482 1322 navem
1496 1253 1567 1321 iac·

245 1375 357 1432 lantes
376 1361 529 1429 triticum
548 1358 587 1425 in
600 1380 694 1425 mare
710 1369 759 1426 rer
773 1364 852 1427 σῖτον
866 1358 1098 1441 trumentum,
1116 1361 1291 1442 triticum,
1308 1360 1392 1428 dein
1406 1382 1488 1428 voce
1506 1359 1567 1427 illa

237 1471 350 1538 retiam
368 1489 409 1535 ea
426 1465 664 1553 significantur
683 1485 772 1554 quae
792 1464 1016 1532 estrumento
1034 1470 1227 1554 parantur:
1247 1465 1374 1547 terina,
1391 1466 1504 1555 panis,
1521 1467 1567 1534 ci-

207 1574 213 1583 ’
248 1573 356 1642 baria.
377 1577 421 1639 lte
443 1571 551 1638 eiecto
569 1590 674 1636 onere
686 1569 783 1638 navis
796 1569 862 1638 hoc
881 1569 957 1638 loco
972 1571 1094 1662 nequit
1105 1570 1275 1659 cogitari3
1294 1592 1378 1639 nam
1397 1570 1432 1637 id
1448 1571 1516 1638 iam
1532 1571 1568 1637 in

240 1699 279 1748 r.
306 1685 346 1747 18
367 1676 513 1745 eiectum
533 1696 604 1743 esse
624 1678 800 1757 narratur;
815 1698 849 1744 v.
871 1681 914 1743 33
930 1697 1009 1743 cum
1025 1687 1143 1744 autem
1163 1677 1238 1745 dies
1254 1679 1376 1767 faetus
1390 1689 1486 1761 esset,
1503 1674 1569 1744 te'r-

246 1806 321 1853 ram
348 1805 419 1851 non
439 1783 677 1873 apnoseebant,
704 1804 773 1848 non
795 1788 1030 1869 cognoverunt
1055 1782 1092 1850 in
1121 1803 1228 1872 quam
1250 1784 1433 1877 regionem
1458 1789 1570 1850 essent

246 1890 367 1970 delati;
388 1888 505 1956 sinum
523 1909 602 1956 uero
620 1886 792 1977 quendam
807 1886 1069 1957 considerabant
1082 1887 1424 1972 animadvertebant,
1440 1886 1570 1955 taten-

248 2009 320 2064 tum
343 1994 453 2079 littus,
481 2021 497 2057 ε
519 1998 599 2062 sunt
615 1995 706 2061 enim
721 1992 818 2061 sinus
834 2016 920 2084 quos
938 1994 1119 2085 praerupti
1132 1993 1268 2085 scopuli
1281 1993 1478 2062 obsidentes
1492 1992 1569 2061 red·

247 2103 334 2191 dunt
360 2100 546 2168 inaccessos
570 2127 586 2159 r
613 2098 766 2194 (calm),
795 2098 891 2166 littus
915 2099 1025 2186 igitur
1047 2105 1227 2190 apertum,
1258 2099 1426 2190 adquod
1445 2121 1568 2168 navem
1625 2090 1628 2095 ⁴

247 2206 420 2298 appellere
439 2209 593 2295 possent;
611 2203 649 2272 in
665 2225 767 2295 quem
782 2203 924 2293 (sinum,
949 2205 1075 2295 κὲλπον)
1090 2205 1296 2295 coq'itabant
1313 2204 1347 2272 si
1356 2216 1497 2296 possent
1507 2203 1569 2272 eii·

248 2335 321 2381 cere
340 2333 461 2380 navem
476 2318 665 2380 lteutctevre
680 2308 859 2378 consilium
879 2310 1075 2402 capiebant,
1093 2318 1222 2380 ἐκσῶσαι
1240 2332 1364 2378 navem
1380 2332 1536 2393 servare,
1551 2333 1569 2378 e

247 2417 399 2511 periculo
411 2418 559 2506 eripere3
575 2416 636 2484 sed
649 2419 690 2498 εἰς
703 2420 735 2485 ὃν
747 2417 837 2483 refer
855 2416 900 2484 ad
913 2420 1062 2504 αἱγιαλὲν,
1083 2417 1129 2484 ad
1149 2416 1257 2499 littus,
1275 2416 1320 2485 ad
1339 2415 1431 2508 quod
1446 2438 1568 2484 navem

248 2523 442 2614 propellere
468 2522 598 2613 (ἐξῶσαι,
622 2527 661 2589 ut
687 2522 840 2611 plerique
866 2522 1000 2612 legunt)
1022 2522 1199 2591 volebant.
1221 2522 1401 2602 Quomodo
1419 2544 1456 2590 se
1470 2522 1516 2589 ad
1535 2522 1570 2589 id

249 2629 504 2720 praepararint,
527 2628 597 2694 iarn
622 2625 827 2695 describitur
849 2649 858 2696 :
880 2634 914 2695 et
932 2628 1047 2717 primo
1064 2629 1206 2718 quidem
1226 2627 1416 2719 amputatis
1429 2627 1571 2695 ionibus

249 2734 417 2802 anchoras
438 2732 476 2800 in
500 2734 587 2799 mari
609 2731 825 2822 relinquunt,
852 2754 967 2823 neque
995 2733 1087 2801 enim
1113 2735 1270 2825 pondere
1297 2755 1417 2801 earum
1446 2753 1571 2801 navem

251 2860 393 2907 onerare
408 2837 592 2929 cupiebant
605 2859 639 2904 v.
656 2843 699 2905 to
716 2849 750 2903 et
762 2858 838 2905 cum
852 2838 1021 2907 anchoras
1034 2840 1254 2908 sustulissent
1268 2846 1460 2928 περιελὲνεες
1474 2837 1571 2929 peni·

252 2952 306 3014 tus
323 2944 518 3024 solvissent,
535 2941 770 3027 abstulissent,
787 2943 1046 3012 committebant
1064 2944 1127 3036 (se)
1152 2947 1258 3030 mari,
1283 2943 1513 3035 proiiciebsnt
1534 2943 1571 3011 in

253 3072 348 3119 mare
370 3049 470 3139 (gig),
494 3056 560 3118 εἴων
579 3046 821 3138 relinquebant
842 3071 901 3117 eas
915 3050 953 3117 in
970 3052 1076 3131 mari;
1094 3051 1174 3119 dein
1188 3050 1232 3117 ad
1248 3049 1487 3136 navigandum
1505 3070 1570 3137 gu·

243 3154 440 3224 ‘bernacula
462 3158 496 3221 et
517 3159 727 3221 artemonem
750 3160 988 3245 praeparant:
1011 3155 1117 3223 simul
1134 3157 1295 3224 laxantes
1312 3155 1491 3223 iuncturas
1505 3177 1570 3245 qu·

254 3258 533 3346 humaniorum·
551 3259 587 3325 in
613 3258 799 3327 maioribus
820 3260 965 3329 naribus
983 3260 1067 3329 bina
1086 3267 1185 3329 erant
1203 3260 1444 3349 gubernacula
1464 3259 1568 3352 (Beel.

254 3370 348 3435 Patr.
371 3363 472 3453 retr.)
496 3368 550 3446 τὶς
571 3374 744 3454 ζευκτηρίας
759 3366 895 3434 vincula
911 3367 1086 3435 solverunt
1099 3367 1176 3449 illa,
1193 3366 1321 3458 quibus
1335 3366 1570 3455 gubemacola

252 3472 413 3542 adstricta
431 3476 466 3539 et
481 3470 559 3539 navi
573 3492 706 3539 annexa
725 3477 842 3554 erant3
860 3472 980 3540 laxatis
999 3472 1147 3540 vinculis
1161 3472 1403 3560 gubernacula
1424 3474 1462 3539 in
1475 3493 1570 3540 mare

252 3577 464 3647 descendunt
480 3583 515 3645 et
533 3581 614 3667 apts
627 3576 715 3645 fiunt
734 3577 778 3645 ad
796 3599 918 3646 navem
938 3578 1158 3666 dirigendam
1178 3577 1333 3646 etlerato
1348 3590 1525 3646 artemone
1537 3581 1572 3646 et

250 3683 387 3752 sublato
405 3683 443 3750 in
462 3683 569 3750 altum
590 3682 665 3750 velo
689 3682 873 3773 (explicant
898 3704 906 3753 τ
923 3706 1131 3775 supparum,
1154 3683 1367 3774 Bramsegel)
1387 3703 1423 3769 cr,
1444 3695 1570 3773 πνεούσῃ

250 3789 343 3857 etad
358 3794 498 3856 ventum
518 3809 680 3878 expanso,
696 3788 740 3856 ad
755 3795 894 3856 ventum
907 3790 1162 3880 recipiendum,
1181 3789 1370 3858 secundnm
1385 3812 1492 3860 arnae
1501 3789 1572 3881 sla·

251 3906 340 3977 tum,
368 3894 551 3961 tendebant
568 3891 617 3961 ad
634 3892 744 3979 littus,
768 3912 917 3984 κατεῖχον,
939 3895 988 3963 ita
1001 3895 1073 3963 scil.
1093 3917 1220 3963 narem
1233 3894 1385 3964 detinere
1398 3895 1570 3964 conaban-

231 4008 320 4081 tur,
340 4004 379 4069 ut
397 3999 611 4091 appellerent
626 4000 672 4068 ad
690 4000 786 4069 littus
801 4000 857 4090 (de
875 4022 958 4069 voce
972 4002 1016 4070 cl.
1045 4003 1164 4070 Wetst.
1184 4000 1278 4069 Beel.
1296 4001 1568 4088 Passow,1sx.).

294 4113 365 4176 tlox
383 4113 497 4175 autem
518 4104 717 4196 impingunt
734 4108 770 4173 in
799 4107 954 4195 linguam
977 4109 1015 4174 in
1033 4129 1128 4176 mare
1152 4112 1393 4176 excurrentem
1416 4129 1450 4174 r.
1476 4112 1516 4175 tt
1539 4117 1573 4172 et

243 4238 327 4284 eum
357 4212 594 4282 incidissemus
619 4211 658 4279 in
677 4210 787 4280 loortm
810 4211 1035 4281 dithalassum
1042 4265 1053 4298 ,
1077 4212 1268 4295 bimarem,
1291 4213 1410 4302 quiex
1428 4216 1571 4301 utraque

250 4330 346 4415 parte
367 4342 461 4389 mare
475 4318 581 4387 babet
596 4317 704 4408 etqui
717 4318 771 4385 vel
786 4320 923 4386 ermari
938 4321 1067 4388 eminet
1082 4319 1136 4387 vel
1152 4320 1217 4387 sub
1231 4317 1320 4386 mari
1339 4315 1568 4409 protenditur,

248 4429 467 4519 impeqemtnt
487 4446 608 4494 navem
631 4436 665 4493 et
681 4446 787 4516 prora
806 4423 944 4515 quidem
960 4425 1035 4515 fisa
1050 4428 1214 4493 manebat
1229 4422 1418 4491 immobilis
1437 4431 1572 4512 ἐρείσασα

246 4535 351 4618 illisa,
377 4532 482 4601 infixa
498 4532 571 4599 scil.
594 4530 699 4612 vado,
718 4530 845 4621 puppis
859 4553 937 4599 vero
957 4533 1152 4599 solvebatur
1166 4554 1188 4598 a
1205 4529 1363 4597 rimaris
1379 4536 1483 4599 ἐλύετο
1502 4528 1570 4596 dis·

244 4640 329 4707 solvi
355 4643 475 4730 coepta
504 4643 564 4706 est.
589 4637 686 4705 Brevi
705 4636 822 4727 itaque
846 4637 943 4705 navis
965 4644 1041 4706 erat
1064 4636 1260 4725 frangenda
1284 4635 1438 4727 penitus;
1461 4656 1569 4725 quare
