4128 5442
931 342 935 348 ’
982 326 984 331 ’
1040 319 1134 379 sacr.
1156 318 1254 390 236:
1420 370 1423 375 ⁴
1775 322 1813 381 57

375 456 384 464 ’
489 470 630 540 additur
647 469 740 537 hunc
758 469 871 539 lesum
890 472 924 535 et
939 466 1020 535 dein
1039 467 1188 565 effertur,
1208 475 1339 558 quanta
1356 467 1394 534 in
1413 467 1632 557 oppositione
1652 471 1718 559 ipsi
1734 491 1816 557 ege-

487 570 559 673 rint
574 598 582 646 :
600 582 687 669 Deus
700 596 781 642 eum
796 576 971 667 constituit
992 594 1110 662 regem
1123 573 1282 671 'liessiam
1292 613 1307 657 ‚·
1319 595 1379 641 vos
1393 563 1591 664 turpissima
1608 579 1719 670 morte
1734 596 1816 643 eum

488 683 674 751 occidistis!
698 696 723 762 «j
736 687 826 750 Bene
848 684 917 751 huo
945 682 1070 749 desinit
1096 681 1237 749 illorum
1259 681 1392 769 animos
1415 682 1610 769 exagitans3
1632 686 1816 771 postquam

486 788 579 856 enim
601 787 754 856 ostendit
774 786 891 880 qualis
906 785 1122 879 quantusque
1143 788 1201 870 sit,
1223 793 1296 866 tum
1311 788 1483 878 reliquum
1499 793 1573 855 erat
1588 793 1627 854 ut
1650 793 1684 854 et
1702 786 1816 855 audax

368 952 371 959 .
485 880 573 961 illud
598 893 732 963 lacinus
765 893 1114 984 declararetpalam‚
1141 899 1179 960 ut
1205 892 1254 960 sic
1280 893 1389 960 maius
1417 889 1654 963 ostenderetur
1686 914 1814 984 eosque

485 1000 610 1091 timore
634 997 841 1093 corriper·et';
863 998 934 1066 hon
960 998 1052 1066 enim
1080 997 1129 1064 sic
1158 998 1314 1066 homines
1340 998 1515 1067 beneficiis
1537 997 1751 1081 alliciuntur,
1775 1006 1815 1066 ut

484 1105 611 1203 timore
633 1100 848 1203 castigantur
871 1132 887 1167 a
908 1096 1020 1194 (Chr.)
1041 1109 1075 1171 et
1092 1106 1203 1195 Lapa:
1230 1133 1246 1167 «
1263 1098 1326 1172 ¹hic
1346 1104 1470 1206 ingens
1495 1109 1546 1173 est
1565 1104 1723 1173 stimulus
1744 1124 1813 1193 quo

438 1250 441 1254 ⁴
485 1217 651 1303 &Petrus
666 1212 756 1280 mira
769 1212 930 1304 libertate
944 1217 978 1279 et
991 1211 1187 1297 sinceritate
1201 1211 1350 1302 pupugit
1363 1211 1469 1280 corda
1485 1212 1690 1303 ludaeorum
1711 1239 1740 1278 a.

488 1346 492 1400 3
529 1324 575 1386 Ex
600 1317 666 1386 hac
694 1320 786 1386 Petri
814 1319 968 1397 oratione
994 1323 1029 1386 et
1052 1317 1354 1405 argumentatione
1382 1318 1486 1386 simul
1512 1318 1673 1386 discimus
1703 1339 1810 1407 quam

371 1488 378 1500 ,
484 1440 604 1492 verum
619 1423 663 1491 sit
675 1424 764 1492 illud
786 1448 794 1495 :
815 1424 1053 1515 tuncaperuit
1067 1423 1136 1490 illis
1152 1445 1305 1507 sensum,
1323 1429 1360 1490 ut
1370 1423 1605 1512 intelligerent
1617 1423 1812 1514 Scripturas

485 1530 577 1619 (Luc.
602 1531 733 1621 rats).
756 1535 841 1598 Nam
866 1533 931 1599 hae
958 1531 1257 1620 interpretationes
1282 1529 1470 1598 censendae
1489 1535 1591 1598 erunt
1615 1530 1696 1597 illae
1714 1529 1810 1620 ipsae

484 1657 570 1726 quas
585 1636 748 1705 Dominus
762 1643 839 1728 post
852 1637 1133 1705 resurrectionem
1153 1637 1295 1726 loquens
1313 1635 1356 1704 de
1370 1658 1478 1726 regno
1493 1635 1557 1705 'Dei
1573 1636 1652 1704 suos
1671 1635 1812 1705 edocuit

483 1734 668 1833 apostolos.
692 1743 788 1813 Unde
802 1734 1059 1835 nohis-quoque
1082 1764 1206 1811 norma
1223 1741 1515 1834 interpretationis
1533 1742 1727 1811 exhibetur.
1749 1748 1811 1811 Pe·

483 1854 556 1917 trus
585 1851 759 1919 aramaice
790 1852 935 1941 loquens
960 1849 1081 1918 eadem
1109 1848 1255 1918 dialecto
1286 1849 1425 1916 oracula
1454 1849 1812 1940 recitasseputandus

484 1934 697 2036 erit3'Lucas
718 1979 842 2043 graece
862 1954 1017 2052 scribens
1036 1977 1076 2023 ea
1094 1956 1167 2022 fere
1196 1977 1237 2023 ex
1258 1953 1542 2045 interpretatione
1562 1976 1704 2043 graeca,
1723 1976 1812 2044 quae

430 2126 433 2129 ,
483 2083 583 2128 sensu
602 2062 804 2130 nullatenus
828 2061 959 2143 differt,
976 2048 1269 2152 transsumpserit.
1288 2062 1459 2130 Psalmum
1476 2068 1538 2130 109
1555 2082 1656 2129 sensu
1671 2056 1812 2145 litterali

483 2189 554 2234 esse
578 2167 787 2237 messianum
809 2154 1118 2252 v'idcturcer‘tum3
1144 2160 1314 2258 psalmum
1336 2175 1376 2263 15
1399 2167 1738 2259 ὶγρὶοοωοεείαηυπι
1762 2165 1811 2232 ita

389 2358 392 2364 Δ
482 2274 593 2364 aliqui
617 2274 756 2359 dicunt,
778 2279 817 2342 ut
839 2281 932 2342 totus
957 2274 1108 2366 psalmus
1130 2273 1380 2363 significatione
1404 2274 1543 2361 litterali
1562 2273 1608 2342 ad
1626 2272 1808 2356 Davidem,
1857 2350 1861 2356 ,

482 2380 597 2471 typice
615 2382 661 2449 ad
674 2381 844 2476 Christum
867 2387 997 2472 spectet
1019 2380 1076 2470 (cf.
1100 2380 1209 2450 Calm.
1230 2380 1401 2475 uererer,
1424 2379 1485 2449 alii
1506 2380 1660 2474 aliquam
1684 2378 1810 2470 psalmi

350 2553 360 2568 ,
482 2492 616 2577 partem
631 2486 676 2554 ad
691 2488 819 2571 David,
834 2487 979 2576 alteram
997 2487 1044 2556 ad
1062 2487 1175 2556 solum
1188 2487 1361 2555 Christum
1380 2483 1550 2577 pertinere
1574 2486 1720 2554 malunt.
1737 2491 1811 2565 Qua

481 2594 733 2661 sententiarum
747 2593 945 2665 diversitate
962 2599 1043 2662 cum
1061 2593 1316 2682 argumentatio
1337 2591 1430 2660 Petri
1451 2613 1524 2659 non
1546 2598 1721 2679 tangatur,
1738 2613 1810 2658 non

482 2704 531 2765 est
556 2709 619 2765 cur
644 2700 681 2766 in
706 2721 747 2766 ea
772 2688 989 2767 discutienda
1009 2700 1077 2768 hoc
1100 2700 1177 2767 loco
1203 2699 1444 2781 immoremur;
1470 2705 1586 2789 estea
1611 2699 1810 2788 interpretis

481 2804 706 2874 Psalmorum.

521 2972 641 3037 Verum
655 2992 694 3036 ac
707 2975 849 3037 solidum
869 2974 1045 3037 discrimen
1063 2974 1224 3037 invenisse
1243 2991 1278 3036 se
1292 2979 1384 3054 putat
1400 2972 1487 3055 Hilp.
1505 2973 1591 3036 inter
1606 2976 1658 3044 Μ
1675 2979 1708 3035 et
1722 2976 1809 3043 233.

481 3070 527 3130 lhi
543 3072 630 3132 enim
646 3072 782 3151 Spiritus
794 3077 923 3136 sanctus
938 3072 1055 3134 dicitur
1067 3071 1241 3152 promissio
1256 3071 1369 3140 Patris.
1384 3088 1478 3151 quam
1493 3072 1579 3134 lesus
1591 3073 1649 3150 qui
1665 3073 1809 3133 nondum

482 3167 515 3227 in
534 3168 659 3230 coelum
680 3169 825 3231 ascendit
841 3188 874 3232 se
893 3169 1072 3231 missurum
1093 3170 1279 3248 pollicetur,
1294 3169 1348 3232 hic
1367 3185 1444 3231 vero
1462 3169 1615 3230 asseritur
1635 3170 1809 3249 promissio

481 3282 580 3343 quam
602 3267 691 3327 lesus
712 3284 778 3328 non
799 3264 923 3345 accepit
940 3265 1003 3328 nisi
1025 3271 1098 3346 post
1116 3283 1206 3328 suam
1226 3267 1451 3328 exaltationem
1471 3264 1505 3328 et
1523 3267 1747 3329 ascensionem
1774 3267 1808 3327 in

480 3362 618 3424 coelum.
642 3362 707 3425 Sed
731 3363 945 3445 participium,
963 3364 1046 3425 illud
1068 3361 1159 3423 lethe
1184 3364 1364 3426 nullatenus
1387 3369 1473 3427 creat
1495 3363 1636 3444 aliquam
1659 3381 1732 3425 cum
1756 3369 1808 3440 l‚-i

479 3460 615 3540 aliisque
629 3460 710 3523 locis
726 3462 814 3538 (Luc.
827 3463 931 3531 itale.
949 3462 1035 3524 loen.
1051 3463 1159 3535 153&
1177 3462 1259 3541 aar)
1273 3462 1570 3524 contradictionem.
1588 3463 1700 3540 Neque
1717 3462 1806 3522 onim

480 3556 598 3619 dicitur
614 3575 692 3620 eum
711 3563 782 3621 tum
802 3559 932 3637 demum
950 3558 1203 3639 promissionem
1220 3558 1382 3638 accepisse
1401 3577 1420 3620 a
1439 3560 1546 3630 Patre,
1567 3577 1631 3640 qua
1653 3560 1806 3638 Spiritum

480 3654 551 3715 aliis
570 3656 762 3734 promittere
782 3673 820 3718 ac
840 3656 970 3717 mittere
986 3660 1113 3736 posset;
1135 3655 1368 3735 sedecennalem
1390 3656 1539 3719 ὴοοΊοοο
1556 3663 1590 3718 et
1610 3660 1665 3728 hl
1682 3663 1714 3717 et
1730 3659 1804 3717 Luc.

366 3830 373 3843 .
479 3753 572 3825 24³⁹
585 3753 719 3833 intelligi
736 3753 832 3816 dehet
844 3753 875 3813 τὸ
889 3753 1087 3831 ingulphus
1101 3758 1207 3829 πνεῦμα
1221 3753 1359 3833 Spiritus
1374 3754 1441 3816 scil.
1460 3754 1523 3816 iam
1538 3755 1571 3815 iu
1584 3760 1693 3815 vetere
1708 3759 1807 3815 testa-

479 3855 590 3910 mento
602 3850 798 3929 promissus;
814 3851 903 3913 hunc
924 3851 1036 3929 utique
1053 3850 1204 3931 accipit-a
1225 3852 1316 3913 Patre
1330 3857 1363 3912 ct
1379 3851 1516 3914 effundit
1530 3852 1705 3925 exaltatum
1722 3851 1808 3913 hunc

477 3947 677 4026 promissum
692 3948 857 4028 promittit
868 3964 903 4010 se
917 3948 1094 4010 missurum
1109 3948 1143 4009 in
1158 3952 1243 4010 terra
1257 3965 1399 4010 versans.
1414 3950 1522 4029 Neque
1536 3949 1708 4018 statuenda
1722 3953 1809 4010 esset

478 4045 699 4118 contradictio,
715 4045 774 4108 etsi
790 4046 954 4125 ἰπαγγιλῐαν
970 4047 1010 4108 de
1031 4046 1100 4125 ipsa
1118 4044 1325 4125 promittendi
1344 4047 1471 4108 actione
1489 4046 1710 4126 explicaverim
1732 4063 1809 4106 nam

478 4145 548 4204 tum
563 4159 691 4222 quoque
707 4148 794 4222 patet
808 4143 970 4207 Christum
984 4144 1135 4206 debuisse
1146 4143 1308 4206 actionem
1321 4145 1532 4225 promittendi
1546 4162 1602 4206 seu
1617 4144 1807 4206 facultatem

478 4240 689 4318 promittendi
718 4240 837 4303 hahere
859 4240 926 4302 non
947 4241 1079 4303 demum
1104 4241 1138 4303 in
1160 4241 1275 4314 coelis,
1298 4242 1409 4304 sedin
1435 4243 1544 4315 terris;
1565 4260 1673 4322 neque
1698 4243 1807 4304 obstat

476 4334 578 4412 λαὸών,
596 4339 673 4418 quia
688 4338 856 4418 participio
871 4338 980 4401 coristi
999 4339 1032 4400 id
1047 4339 1239 4418 exprimitur
1255 4339 1343 4419 quod
1368 4344 1461 4402 autea
1479 4345 1512 4402 et
1528 4341 1625 4402 etiam
1642 4341 1729 4420 quod
1746 4340 1803 4400 diu

477 4439 573 4497 antea
599 4436 720 4499 iactum
743 4437 796 4498 sit.
823 4438 920 4499 Putat
940 4434 1037 4498 Fciae
1057 4437 1235 4500 orationem
1259 4452 1329 4499 esse
1356 4437 1558 4518 desumptam
1580 4457 1620 4502 ex
1640 4439 1727 4500 sonte
1748 4438 1806 4499 illo

476 4532 791 4597 iudaeo-christiano
808 4540 842 4597 et
855 4533 935 4597 nihil
949 4534 983 4596 in
997 4551 1034 4597 ea
1048 4534 1205 4596 contineri
1219 4534 1258 4596 de
1278 4534 1447 4597 universali
1465 4536 1573 4598 indole
1591 4536 1636 4598 rei
1656 4535 1804 4598 christia·

396 4644 399 4650 “
475 4646 555 4692 nae„
566 4633 607 4692 at
626 4632 732 4711 ipsum
749 4632 940 4695 vaticinium
959 4632 1053 4695 loelis
1067 4633 1160 4713 plane
1174 4632 1355 4695 universale
1367 4638 1433 4706 est;
1449 4634 1509 4695 etsi
1528 4657 1544 4689 a
1560 4651 1658 4714 super
1669 4651 1802 4696 omnem

478 4744 610 4790 carnem
633 4753 649 4785 »
671 4730 875 4793 restrinxeris
894 4731 935 4792 ad
957 4730 1101 4803 ludaeos,
1117 4735 1225 4793 tamen
1240 4730 1272 4791 in
1290 4731 1380 4792 hebr.
1400 4748 1505 4794 sermo
1526 4736 1576 4793 est
1594 4732 1635 4794 de
1652 4733 1753 4795 semis
1773 4736 1804 4793 et
