4054 5442
989 341 1059 386 aar.
1083 322 1219 395 ear-m.
1714 328 1774 385 iia

435 497 504 567 qua
523 497 628 566 eques
647 495 812 542 romanus
828 472 984 539 Prudens
997 482 1118 558 πρῶτος
1136 474 1309 539 lisinnias
1328 475 1376 537 καὶ
1392 472 1513 538 Patior
1530 469 1677 560 (insulae
1692 473 1773 539 rici-

435 603 514 667 nae,
536 582 593 650 cui
612 602 739 648 nomen
762 577 911 657 Gaudos,
934 575 1041 643 hodie
1061 576 1179 665 Gozzo)
1198 577 1415 656 nominatum
1436 576 1548 643 fertur
1560 599 1699 668 quoque
1713 578 1773 646 an·

436 687 532 778 tiqua
550 686 729 773 inscriptio
750 682 872 767 latina,
897 683 934 749 in
958 704 1028 772 qua
1047 680 1181 749 Primus
1200 682 1419 749 Melitensium
1444 679 1574 767 legitur
1596 684 1654 772 (ct.
1673 688 1769 753 Patr.

435 793 520 862 Feli.
559 791 763 881 Viqourour
790 790 812 856 l.
844 812 873 856 c.
899 811 938 879 p.
967 793 1046 868 323,
1085 785 1386 875 weneinici).
1415 785 1556 854 Publius
1577 788 1693 878 itaque
1712 814 1768 857 su-

435 918 557 989 premo
571 896 776 983 magistratu
793 895 1014 985 municipum
1029 893 1253 961 Melitensium
1265 892 1484 979 fungebatur.
1503 897 1547 960 lie
1559 894 1698 962 nomine
1708 896 1771 963 ad·

437 1003 538 1072 vertit
551 1003 605 1070 Bi.
623 1022 637 1067 .·
651 1007 727 1070 erat
741 1003 774 1069 ei
787 1002 826 1069 id
837 1019 1066 1092 praenomen,
1083 1001 1112 1067 si
1125 1005 1200 1067 erat
1213 998 1297 1066 civis
1310 1019 1488 1078 romanus;
1505 1021 1625 1068 verum
1643 1001 1770 1068 mirum

437 1116 488 1177 esi
504 1109 567 1176 illa
586 1113 699 1176 aetate
715 1128 932 1197 praenomen
951 1104 1065 1173 solum
1081 1105 1248 1188 indicari;
1266 1107 1382 1195 itaque
1398 1104 1511 1195 potius
1526 1103 1614 1172 utin
1629 1105 1770 1174 bomine

436 1213 645 1305 provinciali
657 1235 720 1305 pro
732 1213 876 1280 nomine
888 1211 993 1280 unico
1005 1210 1218 1302 putandum,
1235 1210 1279 1277 cl.
1297 1214 1439 1290 iiarcus,
1454 1210 1576 1278 Lucius
1587 1211 1633 1277 al.

480 1321 739 1412 impiissimam
761 1316 893 1408 recepit
911 1316 1057 1385 Publius
1074 1315 1314 1408 hospitalitatis
1331 1317 1522 1383 mercedem
1535 1339 1568 1386 v,
1586 1324 1606 1385 8
1623 1318 1771 1408 coriiipr'i

438 1440 553 1495 autem
568 1437 706 1517 patrem
728 1423 848 1491 Publii
858 1422 1015 1513 febribus
1029 1438 1171 1511 πυρετοῖς
1186 1423 1282 1511 (Luc.
1300 1422 1392 1508 aas)
1409 1434 1441 1489 ei
1457 1421 1654 1512 dysenteria
1669 1447 1770 1492 cero·

437 1545 510 1600 ium
539 1532 666 1616 iacere,
695 1530 943 1597 intestinorum
968 1527 1178 1595 torminibus
1200 1533 1410 1617 correptum,
1441 1526 1489 1595 ori
1508 1551 1610 1619 quem
1635 1530 1769 1599 Paulus

440 1638 592 1723 intravit,
618 1648 652 1705 ei
674 1657 754 1704 cum
773 1647 903 1702 orasset
918 1645 951 1702 ei
971 1633 1189 1725 imposuisset
1201 1634 1235 1701 ei
1248 1655 1383 1715 meniu,
1400 1634 1546 1702 salvavit
1558 1658 1649 1723 eum,
1669 1641 1769 1706 ἰάσατο

439 1745 588 1827 sanavit3
610 1765 642 1810 r.
664 1749 770 1832 iique
781 1741 881 1830 socio
906 1762 1024 1808 ornnes
1042 1740 1106 1830 qui
1120 1740 1158 1807 in
1177 1739 1291 1808 insula
1307 1740 1474 1808 debebant
1486 1740 1704 1830 infirmitates
1716 1766 1771 1810 oe·

439 1849 605 1919 cedebant
627 1860 661 1916 et
684 1845 919 1933 curadoniur;
939 1853 1017 1936 post
1031 1845 1186 1915 triduum
1200 1845 1291 1914 illud
1305 1869 1336 1913 r.
1353 1854 1373 1913 7
1386 1847 1508 1914 Paulus
1523 1868 1602 1914 cum
1616 1847 1716 1915 sociis
1733 1848 1769 1916 in

440 1956 536 2025 aliud
561 1954 768 2045 hospitium,
790 1954 828 2021 in
851 1952 977 2021 urbem
1000 1953 1111 2042 ipsam
1137 1951 1223 2042 (Bi.)
1241 1952 1406 2021 concessit
1424 1957 1458 2021 et
1475 1953 1566 2021 fama
1582 1955 1770 2022 sanationis

439 2061 743 2154 percrebrescente
764 2058 894 2148 reliqui
914 2080 1055 2149 quoquc
1075 2068 1102 2127 et
1120 2066 1222 2127 λοιποί
1234 2058 1375 2125 Paulum
1391 2057 1534 2126 adibant
1550 2066 1584 2126 et
1596 2061 1768 2128 sanabun-

440 2175 514 2251 tur;
535 2166 631 2257 iique
645 2170 786 2252 gratum
801 2186 941 2255 quoque
954 2162 1112 2232 animum
1126 2162 1335 2231 exhibebant
1349 2187 1381 2231 r.
1400 2171 1440 2231 iii
1455 2164 1517 2254 qui
1531 2163 1635 2232 eiiam
1650 2165 1769 2232 nucleis

440 2272 625 2342 bonoribus
648 2293 712 2339 nos
738 2270 997 2339 bonorouemni
1026 2281 1059 2337 ei
1076 2268 1324 2359 accipientibus
1344 2269 1577 2360 inposuerunt
1600 2295 1690 2362 quiae
1709 2296 1769 2340 rre-

441 2378 591 2448 cessaria
612 2388 731 2462 eroon
751 2398 851 2445 suam
871 2375 982 2464 igitur
995 2375 1033 2443 in
1047 2397 1104 2444 eos
1123 2374 1377 2443 observantiam
1396 2376 1513 2443 multis
1528 2377 1640 2444 modis
1656 2378 1770 2445 testati

440 2490 536 2569 sunt,
561 2491 595 2553 et
614 2504 694 2552 oum
713 2488 793 2573 post
817 2489 887 2551 tres
913 2502 1048 2550 menses
1070 2480 1107 2549 in
1123 2503 1165 2548 eo
1179 2487 1308 2565 essent,
1328 2489 1364 2549 ut
1379 2484 1445 2549 iier
1456 2482 1697 2552 continuarent
1712 2507 1770 2551 eos

440 2591 544 2660 rebus
566 2588 768 2659 necessariis
790 2588 837 2655 ad
863 2589 930 2655 iter
950 2586 1193 2677 peragendum
1214 2586 1406 2654 liberaliter
1419 2588 1664 2656 instruxerunt.
1687 2595 1769 2657 Βον-

442 2697 518 2764 bari
538 2695 647 2784 igitur
667 2693 811 2762 minime
835 2693 986 2762 barbare
1010 2698 1169 2780 egerunt.
1192 2695 1371 2760 Praeterea
1387 2694 1452 2761 fert
1468 2693 1607 2761 traditio
1627 2697 1770 2764 Paulum

441 2802 573 2870 ibidem
608 2799 825 2893 praedicasse
851 2799 1092 2886 evangelium,
1123 2804 1157 2865 et
1186 2799 1335 2866 Borouio
1362 2804 1443 2866 teste
1473 2806 1587 2867 vetera
1612 2824 1769 2892 quaeque

442 2906 692 2997 martyrologia
708 2904 830 2974 dicunt
853 2903 1016 2973 Publium
1032 2925 1171 2994 quoque
1185 2926 1206 2971 a
1221 2905 1325 2972 Paulo
1340 2926 1409 2972 esse
1424 2927 1626 2974 conversum
1645 2915 1679 2975 et
1695 2911 1770 2999 epi-

442 3035 584 3103 scopum
605 3010 761 3080 iidelium
776 3009 1003 3080 lieliienaium
1018 3015 1255 3077 consecratum
1271 3009 1329 3099 (ad
1342 3033 1397 3078 au.
1415 3018 1504 3079 5811.
1522 3014 1611 3099 173).

783 3179 806 3249 ε)
827 3181 899 3234 lter
917 3192 942 3233 ι
958 3179 1083 3234 Baitia
1101 3180 1242 3232 Romam
1260 3180 1426 3245 28,tt·16.

479 3308 571 3371 iiii.
589 3306 656 3358 Poat
679 3316 794 3357 menses
814 3308 911 3356 autem
930 3307 989 3355 ires
1010 3305 1092 3355 nori·
1167 3303 1261 3364 ihil.
1281 3300 1352 3354 iteri
1378 3301 1404 3354 ti
1431 3305 1495 3372 τρεῖς
1519 3307 1598 3372 μῆνας
1622 3303 1769 3379 ἀνήχθημεν

443 3399 572 3463 gerimus
596 3389 625 3447 in
651 3394 718 3445 navi
742 3392 937 3445 Alexandrina
966 3403 1041 3456 quac
1064 3394 1094 3443 in
1130 3386 1156 3441 tr
1193 3387 1277 3461 πλοίῳ
1312 3390 1535 3460 παρακεχειμακότι
1573 3391 1598 3444 ἐν
1634 3402 1664 3462 τῇ
1702 3396 1770 3465 νήσῳ

444 3486 537 3537 insula
554 3485 746 3544 hiemaverat,
763 3482 808 3532 eui
828 3483 889 3533 erat
909 3481 1023 3545 insigne
1037 3479 1094 3532 Ca·
1130 3475 1319 3549 Ἀλεξανδρινῷ,
1350 3479 1489 3551 παρασήμῳ
1525 3482 1689 3551 &022053023-
1726 3488 1767 3538 ρρ,

444 3582 560 3626 storum.
576 3572 617 3623 ii.
627 3571 662 3622 Ei
677 3583 766 3635 quum
781 3570 960 3621 venissemus
971 3567 1094 3632 Syracu·
1129 3565 1172 3617 καὶ
1189 3566 1353 3637 καταχθέντες
1372 3566 1404 3629 εἰς
1422 3567 1584 3638 Συρακούσας,
1606 3570 1768 3644 ἐπεμείναμεν

444 3676 519 3723 min,
535 3661 692 3712 mansimus
711 3658 752 3709 tbi
766 3657 871 3709 triduo.
893 3656 936 3708 tr.
954 3656 1024 3709 indo
1038 3658 1096 3708 cir·
1130 3652 1222 3724 ἦμέρας
1239 3658 1314 3725 τρεῖς·
1337 3659 1378 3710 ii.
1399 3657 1454 3710 tiz-a
1473 3658 1625 3728 περιελόντες
1643 3661 1769 3727 κατηντή-

444 3751 637 3814 eumiogentes
675 3746 842 3798 devenimus
873 3746 1032 3810 Rhegium
1067 3754 1095 3797 ei
1131 3761 1210 3815 οαρεν
1238 3745 1271 3805 εἰς
1294 3740 1406 3815 Ῥήγιον,
1434 3745 1475 3798 ul
1501 3746 1563 3817 μετα
1593 3750 1652 3818 μίαν
1674 3748 1769 3820 ipim

445 3843 509 3905 post
531 3849 619 3888 unum
638 3835 714 3887 (ilem
733 3833 822 3886 flante
837 3840 952 3895 ausim,
970 3834 1096 3886 secunda
1131 3828 1307 3903 ἶπεγενομὲνυν
1336 3834 1409 3886 νότον
1431 3835 1569 3905 δευτεραῖοι
1598 3836 1710 3908 ἤλθομεν
1738 3838 1770 3902 εἷς

445 3928 490 3979 die
508 3927 639 3977 venimus
662 3924 813 3984 Puteolos3
835 3920 879 3973 ii.
896 3922 952 3974 t'bi
972 3923 1095 3974 inventis
1131 3918 1276 3983 Ποτιόλους.
1293 3925 1333 3977 ii.
1344 3918 1372 3976 οὗ
1384 3922 1493 3992 εὑρόντες
1508 3922 1636 3995 disiecta
1648 3926 1770 3997 παρεκλή-

446 4014 578 4066 iratrtbus
596 4013 689 4077 rogati
708 4023 809 4062 sumus
823 4022 941 4062 manera
954 4009 1031 4074 apud
1044 4024 1095 4063 eos
1131 4007 1209 4079 θηρεν
1240 4007 1302 4080 παρ’
1320 4008 1402 4073 αὐτοῖς
1430 4010 1553 4082 ἐπιμεῖναι
1580 4012 1671 4085 ἣμερα,
1698 4014 1770 4069 135.

446 4103 507 4156 dies
519 4105 643 4167 sepiem
660 4104 688 4152 et
700 4101 742 4151 sio
755 4100 888 4151 venimus
902 4097 1034 4150 Romam.
1050 4099 1092 4150 15.
1130 4096 1174 4149 καὶ
1191 4096 1269 4159 οὕτως
1287 4096 1320 4160 εἰς
1338 4097 1382 4164 τὴν
1401 4097 1501 4169 Ῥώμην
1520 4100 1644 4172 ἤλθαμεν.
1663 4110 1704 4160 15.
1725 4104 1770 4157 ari·

447 4191 482 4244 El
495 4190 561 4243 ¹⁰⁶⁰
573 4202 659 4255 quum
674 4187 822 4241 ⁸⁰dl⁸⁸0¹¹i
836 4186 949 4247 imm,
963 4199 1095 4239 0ccurrc·
1130 4185 1214 4238 tillir
1232 4185 1257 4238 ol
1276 4184 1380 4258 ἀδελφοὶ
1397 4186 1544 4253 ἀκούσαντες
1563 4191 1593 4244 tir
1611 4192 1668 4262 περὶ
1686 4191 1769 4263 ἡμῶν,

447 4287 511 4332 ruat
525 4279 608 4331 nohis
621 4289 711 4342 usquc
730 4276 766 4328 ad
782 4277 867 4341 Appii
882 4274 975 4328 iorum
990 4288 1025 4327 ao
1038 4282 1096 4327 tres
1130 4267 1211 4339 ἦλθαν
1231 4272 1264 4336 εἰς
1282 4273 1416 4344 ἀπάντησιν
1435 4276 1496 4349 ipio
1515 4281 1573 4350 ἄχρι
1596 4277 1694 4334 Ἀππίου
1713 4283 1769 4336 «pi.

447 4368 600 4420 Tabernas.
617 4365 696 4427 Quos
719 4377 808 4429 quum
831 4364 951 4418 vidisset
971 4364 1093 4426 Paulus,
1131 4380 1175 4432 ρεε
1188 4362 1230 4415 καὶ
1247 4365 1329 4435 Τριῶν
1344 4365 1483 4436 Τκίιρνῶν·
1496 4368 1538 4430 οὓς
1557 4367 1616 4421 ἰδὼν
1630 4369 1646 4421 i
1660 4370 1767 4437 Παῦλος,

448 4457 553 4522 grattas
566 4467 656 4520 agens
670 4454 731 4506 Deo
737 4491 745 4516 ,
765 4455 875 4517 aceepit
889 4452 1031 4505 fiduciam.
1051 4453 1093 4505 ii.
1131 4448 1310 4521 εὗχερεοτεῐσας
1327 4459 1362 4526 τῷ
1379 4454 1443 4525 θεῷ,
1457 4454 1530 4509 ἔλεξε
1541 4458 1637 4528 θάρσος.
1656 4464 1697 4515 16,
1707 4460 1770 4515 Ὅςς

449 4545 542 4605 Quum
563 4547 658 4595 autem
681 4543 862 4594 venissemus
881 4540 1017 4604 Romam,
1034 4554 1095 4607 per·
1131 4538 1158 4592 ii
1194 4538 1343 4612 εἰσήλθομεν
1375 4542 1408 4605 εἰς
1441 4542 1553 4617 Ῥώμην,
1578 4547 1700 4619 ἐπετράπη
1734 4556 1769 4622 τῷ

449 4633 565 4685 missum
583 4636 628 4683 est
647 4630 738 4682 Paulo
762 4642 879 4684 manere
897 4629 1011 4683 sibimet
1031 4642 1095 4682 eum
1133 4626 1226 4700 ilatio»
1240 4632 1322 4700 μένειν
1336 4630 1491 4702 καθ’κῦτὸν,
1506 4636 1551 4687 aba
1566 4641 1602 4707 τῷ
1617 4637 1769 4707 ostionem

449 4720 626 4774 custodiente
643 4732 676 4772 so
694 4719 795 4771 milito.
1133 4714 1207 4770 «otis
1226 4721 1374 4793 στρατιώτῃ.
