4128 5442
240 361 281 420 at
691 404 695 409 .
790 374 855 420 scr.
880 320 1021 431 ilaus.-

240 507 349 576 locuti
372 512 453 576 sunt
470 503 674 576 'sancti'ltei
693 507 852 574 homines
880 506 914 595 (2
936 510 1024 599 Petr.
1050 504 1156 594 121),
1171 504 1214 572 de
1234 504 1322 573 ludo
1337 528 1397 597 qur
1409 504 1486 597 fuit
1500 505 1572 573 dds

241 637 360 705 eorum
374 614 439 707 qui
457 611 786 704 comprehenderunt
797 613 929 693 Iesrcm,·
942 608 1093 676 debebat
1105 608 1244 698 impleri
1258 610 1341 701 quia
1354 609 1570 702 praedictum

239 729 329 807 erat3
348 727 424 791 erat
437 716 552 787 autem
569 716 802 808 praedictum,
819 736 890 781 non
910 726 948 780 ut
963 714 1077 797 lieret,
1095 714 1156 781 sed
1175 714 1260 806 quia
1274 717 1370 805 quod
1383 718 1482 785 fieret
1497 719 1570 784 erat

124 871 132 884 ·
239 828 439 921 praevisum
457 822 595 914 (Beel.);
613 821 715 903 ludas
727 821 838 887 iactus
850 825 899 888 est
913 826 1023 910 ὁδηγὸς
1036 821 1106 916 dux
1120 822 1211 905 viae,
1226 820 1465 892 demonstrans
1477 823 1569 891 viam

240 942 274 1003 et
293 930 588 1026 opportunitatem
610 926 656 994 ad
674 925 880 1016 capiendum
904 932 1027 997 lesum.
1049 926 1155 994 Addit
1174 927 1414 995 declarationis
1432 952 1535 999 causa
1558 952 1567 996 z

239 1064 272 1109 v.
297 1047 339 1108 17
363 1039 428 1129 qui
440 1041 486 1105 ὅτι
502 1033 584 1125 quia
605 1031 726 1125 (dai),
744 1034 889 1124 quippe,
904 1055 1031 1124 nempe
1052 1033 1137 1124 (ΒΖ.)
1155 1040 1419 1102 connumerabis
1440 1048 1514 1101 erat
1533 1036 1570 1103 in

170 1228 174 1231 ι
238 1144 337 1213 nodis
348 1155 384 1211 et
396 1139 538 1209 sortitus
550 1152 600 1208 est
610 1153 734 1209 sortem
749 1139 935 1208 ministerii
946 1139 1071 1225 daciam
1084 1149 1199 1230 κλῆρος
1213 1141 1250 1208 id
1262 1141 1358 1231 quod
1367 1145 1456 1208 sorte
1465 1141 1570 1208 alicui
1670 1191 1674 1200 .

239 1247 428 1336 contingit,
444 1269 526 1338 pars
542 1247 726 1329 attributa3
742 1251 875 1338 partem
895 1253 1015 1314 nactus
1033 1251 1084 1312 est
1098 1245 1281 1314 ministerii
1299 1246 1462 1338 apostolis
1478 1268 1570 1315 com·

237 1356 373 1439 munis;
389 1353 484 1446 quod
494 1354 725 1423 ministerium
738 1353 782 1421 iis
796 1352 896 1443 quasi
909 1356 998 1419 sorte
1012 1351 1177 1440 contigit,
1193 1353 1275 1442 quia
1293 1378 1311 1413 «
1326 1353 1470 1442 singulis
1483 1355 1570 1422 haec

237 1460 392 1551 dignitas
406 1461 547 1530 obvenit
565 1483 637 1529 non
655 1482 696 1528 ex
715 1466 857 1543 natura,
875 1481 945 1525 non
965 1481 1007 1526 er
1022 1459 1184 1549 prosapia
1206 1459 1270 1548 luti
1290 1459 1437 1548 posteris
1455 1465 1569 1527 Aaron

216 1601 222 1611 ·
238 1568 380 1637 obvenit
397 1566 657 1657 sacerdotium),
673 1588 745 1633 non
761 1570 802 1632 ex
825 1567 915 1648 iure,
933 1586 1004 1632 non
1023 1588 1064 1632 ex
1081 1564 1229 1648 meritis,
1247 1565 1311 1636 sed
1332 1588 1373 1634 ex
1393 1587 1490 1634 mera
1508 1566 1568 1633 Dei

237 1673 441 1763 dignatione
456 1678 491 1741 et
504 1672 620 1760 grafia
639 1699 656 1733 a
675 1672 804 1763 (Lep.)
828 1671 981 1761 Apostoli
995 1671 1307 1758 ·ministerium„ss)s
1329 1673 1569 1742 tumulariam

237 1778 457 1861 exercebant,
480 1776 620 1870 quando
638 1777 732 1845 missi
750 1783 829 1845 sunt
844 1800 865 1846 a
880 1783 953 1845 lesu
969 1775 1015 1845 ad
1029 1777 1304 1867 praedicendum
1325 1778 1453 1868 (llatth.
1475 1768 1566 1863 10,5.

238 1890 319 1956 Luc.
339 1884 427 1977 93),
443 1886 532 1976 quae
561 1888 636 1953 erat
657 1883 809 1975 prolusio
828 1884 999 1975 quaedam
1018 1885 1171 1953 muneris
1188 1890 1305 1975 postea
1323 1885 1502 1953 exercendi
1523 1884 1569 1952 ad

238 1991 335 2084 quod
360 1991 461 2060 ludas
486 1990 628 2081 quoque
646 1990 784 2058 electus.
799 1995 882 2057 erat.
898 1990 1008 2058 llitcm
1026 1990 1118 2058 Petri
1138 1991 1305 2081 loquendi
1323 1991 1468 2059 modum
1486 1991 1566 2061 Cirr.

242 2097 390 2189 Tdeoph.
411 2095 591 2166 laudant:
617 2116 687 2163 non
705 2095 954 2163 contumeliam
978 2095 1078 2177 dicit,
1100 2118 1172 2164 non
1194 2097 1352 2179 insultat,
1371 2119 1442 2165 non
1467 2098 1569 2167 vocat

239 2193 421 2273 scelestum
440 2208 502 2269 aut
512 2201 778 2286 exsecrandum,
794 2201 856 2269 sed
869 2223 941 2269 rem
955 2202 1160 2292 simpliciter
1174 2207 1305 2272 narrat.
1322 2208 1367 2271 lte
1383 2203 1466 2271 luda
1487 2204 1568 2273 vide

239 2331 329 2403 quae
348 2307 418 2376 dixi
437 2306 476 2375 in
487 2313 677 2376 comment.
692 2309 808 2377 llatth.
823 2313 998 2400 11p..398.
1014 2330 1087 2400 seq.
1267 2300 1272 2310 ’

282 2420 412 2484 Verum
426 2411 512 2505 quid
527 2414 601 2504 ipse
615 2413 684 2482 sibi
698 2437 760 2504 pro
776 2418 874 2505 parte
890 2414 953 2482 illa
967 2438 1007 2483 ac
1021 2414 1191 2503 dignitate
1207 2414 1406 2506 acquisierit
1420 2416 1569 2484 retertur

238 2545 273 2591 v.
298 2529 340 2591 18
354 2519 419 2588 ¹liic
437 2519 579 2609 quidem
598 2518 750 2611 possedit
775 2530 918 2605 ἐκτήσατο
940 2521 1140 2610 acquisivit,
1154 2521 1369 2613 comparavit
1382 2522 1439 2613 (ct.
1454 2524 1563 2594 Solm.

243 2627 321 2696 Gai:
334 2628 401 2712 Sa,
419 2629 493 2695 Est.
510 2629 596 2718 Lap.
616 2625 708 2694 Beel.
725 2624 838 2713 Hele,
854 2626 940 2695 Felt.
967 2626 1103 2718 Weredt)
1127 2649 1250 2718 aprum
1272 2627 1315 2696 de
1330 2628 1483 2697 mercede
1496 2628 1568 2697 ini·

172 2771 175 2777 .
241 2733 488 2826 quitatis‚·non
503 2731 632 2800 dicitur
645 2732 758 2823 ipsum
773 2731 893 2800 emisse
906 2733 962 2801 vel
976 2733 1165 2824 possedisse
1178 2756 1318 2822 agrum,
1336 2735 1397 2803 sod
1410 2734 1494 2826 quia
1506 2734 1568 2803 illa

240 2839 390 2933 pecunia
414 2862 437 2908 a
459 2839 621 2928 synedrio
645 2860 730 2925 ager
750 2844 886 2930 emptus
905 2845 980 2907 erat
1003 2840 1132 2930 (llatth.
1155 2840 1300 2930 eac-9),
1317 2846 1437 2909 Petrus
1460 2840 1504 2910 de
1528 2864 1567 2910 re

241 2953 324 3015 nota
349 2944 504 3035 loquitur
525 2944 673 3013 oratorie
693 2945 837 3014 efferens
861 2944 948 3036 quid
970 2944 1070 3014 ludas
1093 2969 1157 3037 pro
1181 2952 1271 3015 sorte
1295 2947 1478 3015 ministerii
1500 2947 1567 3017 sibi

239 3052 388 3140 elegerit
405 3059 441 3120 et
460 3051 675 3143 acquisierit;
698 3052 854 3143 loquitur
872 3072 950 3119 cum
970 3051 1091 3142 alique
1111 3052 1241 3141 ironia,
1260 3054 1310 3121 ita
1328 3059 1367 3122 ut
1384 3054 1567 3147 acquisitio

241 3158 345 3229 ludae
364 3158 501 3227 dicatur
524 3180 609 3245 ager
625 3158 685 3226 ille
706 3156 858 3225 mercede
881 3158 1091 3249 iniquitatis,
1113 3159 1259 3250 pecunia
1283 3143 1348 3250 prd
1371 3160 1568 3251 proditione

241 3265 371 3344 soluta,
388 3268 567 3356 coemptus
579 3263 718 3355 (Patr.)
732 3268 788 3331 Est
805 3265 899 3332 enim
913 3284 1000 3351 ager
1012 3265 1073 3333 ille
1087 3267 1233 3356 pecunia
1246 3266 1451 3357 proditionis
1470 3288 1568 3357 emp·

243 3376 299 3438 tus
324 3376 531 3462 perpetuum
554 3370 799 3438 documentum
825 3376 861 3438 et
881 3377 1141 3439 monumentum
1160 3372 1254 3464 quod
1279 3373 1332 3440 sui
1358 3371 1495 3442 sceleris
1516 3380 1567 3441 te-

243 3476 446 3545 stimonium
462 3499 504 3545 ac
521 3475 721 3545 memoriale
741 3475 843 3544 ludas
861 3475 925 3545 sibi
939 3477 1136 3569 acquisivit3
1154 3501 1217 3569 pro
1233 3480 1423 3570 apostolatu
1439 3501 1567 3548 memo·

244 3582 331 3652 riam
356 3582 459 3651 huius
483 3571 581 3671 agri,
601 3583 695 3650 hunc
718 3604 841 3671 agrum
863 3583 929 3650 sibi
955 3583 1054 3674 quasi
1078 3585 1307 3674 comparavit,
1330 3599 1363 3652 et
1385 3607 1566 3677 uesperam

243 3690 378 3780 crepuit
396 3688 580 3758 mediaret
595 3687 728 3779 diffusa
744 3701 825 3756 stent
842 3689 959 3757 omnic
975 3689 1105 3758 viscera
1120 3690 1193 3759 cius
1207 3697 1256 3760 καὶ
1273 3700 1391 3781 πρηνὴς
1404 3699 1566 3780 γενόμενος

243 3799 279 3863 et
292 3816 472 3886 praeceps,
488 3816 619 3886 pronus
632 3796 759 3880 tactus,
773 3797 811 3862 in
829 3816 995 3887 praeceps
1009 3794 1160 3881 delatus3
1177 3797 1275 3887 laps'u
1291 3796 1365 3866 scil.
1382 3798 1566 3890 praecipite

244 3898 401 3993 disrupto
421 3906 542 3969 ventre
561 3902 669 3970 effusa
689 3908 769 3970 suut
789 3900 918 3970 viscere
938 3903 1022 3971 eius.
1042 3903 1141 3993 Apud
1163 3907 1255 3993 Auq.
1271 3908 1384 3972 textus
1403 3904 1531 3993 legitur
1545 3914 1564 3975 ἐ
1625 3896 1630 3904 ’

244 4012 278 4076 et
301 4007 429 4076 collum
451 4007 518 4075 sibi
541 4008 698 4097 alligavit
720 4014 755 4076 et
777 4008 928 4077 deiectus
951 4009 987 4076 in
1014 4009 1137 4078 faciem
1158 4010 1334 4101 disruptus
1356 4016 1406 4079 est
1430 4011 1567 4081 medius

245 4114 291 4204 (o.
308 4112 408 4183 Folio.
426 4113 578 4182 manich.
600 4119 673 4200 1,t;
690 4117 738 4183 Μ.
756 4119 903 4203 ΗΜ).
918 4121 1008 4195 Quae
1023 4116 1059 4183 h.
1076 4116 1101 4183 l.
1118 4122 1236 4186 Petrus
1250 4122 1384 4202 namet,
1398 4138 1468 4185 non
1484 4139 1567 4186 con·

242 4218 420 4289 tradicunt
436 4219 505 4289 illis
523 4219 617 4311 apud
635 4222 751 4289 llatth.
769 4228 849 4306 etp
864 4230 898 4290 et
912 4221 1031 4291 abiens
1043 4223 1168 4314 laqueo
1184 4244 1220 4292 se
1238 4222 1428 4315 suspendit.
1445 4224 1567 4315 Utique

244 4354 261 4423 o
279 4325 390 4395 critici
410 4354 426 4389 a
449 4326 510 4417 qui
524 4325 655 4416 ubique
673 4327 961 4396 contradictiones
976 4329 1095 4397 sedulo
1111 4329 1282 4419 indagare
1296 4330 1431 4398 malunt
1449 4330 1567 4422 (atque

240 4432 279 4500 id
292 4433 492 4524 impingunt
504 4431 610 4501 sacris
624 4433 823 4502 auctoribus
837 4436 930 4525 quod
943 4434 973 4503 ei
986 4435 1084 4504 tieret
1097 4436 1251 4527 profanis
1263 4459 1379 4505 rerum
1394 4437 1567 4529 scriptori·

242 4538 308 4607 bus
327 4560 461 4608 summe
480 4538 775 4633 indignarentur),
795 4540 852 4608 hic
874 4542 1040 4610 clamores
1063 4565 1201 4634 quoquc
1221 4544 1350 4612 tollunt
1368 4543 1412 4612 de
1431 4551 1566 4612 contra·

241 4642 393 4714 dictione
412 4651 546 4737 aperta.
561 4645 712 4715 studiant
725 4646 819 4738 quod
840 4647 1040 4738 philologus
1054 4671 1112 4718 eos
1124 4649 1222 4718 docet
1241 4672 1250 4721 ε
1268 4678 1285 4713 «
1307 4656 1399 4720 recte
1413 4651 1483 4719 iam
1501 4654 1566 4718 llu-

239 4752 354 4821 sebius
384 4751 454 4843 (ap.
483 4751 592 4822 schol.
616 4754 802 4844 llatthaeii)
831 4750 989 4859 llattbaei
1021 4754 1225 4824 relationem
1253 4779 1332 4826 cum
1360 4758 1426 4827 hac
1456 4763 1565 4828 Lucae
