4092 5490
219 315 280 372 aaa
488 288 491 294 ’
747 329 813 374 rer.
838 313 994 387 rau-ao.

95 532 98 539 ,
198 485 202 491 ·
218 460 373 529 custodia
387 459 558 530 fruuntur.
573 467 725 552 ansque
739 462 843 530 lsrael
855 464 948 530 solus
958 465 1032 529 erat
1042 459 1193 551 populus
1206 463 1312 547 super
1327 479 1431 546 quem
1442 461 1536 529 invo-

171 562 177 573 '
218 571 334 635 catum
345 573 395 635 est
408 568 532 636 nomen
545 568 675 636 Domini
689 564 721 635 i(
732 572 774 635 ej
785 570 845 658 qui
868 568 1111 658 appellabatur
1125 564 1282 657 pop'nlus'
1300 563 1454 645 Domini,
1472 587 1540 655 po·

218 672 320 762 pulus
334 674 451 756 labvc,
467 673 614 764 populus
633 676 700 739 [teo
712 693 807 738 sacer
821 677 855 739 et
866 678 1082 739 consecratus
1096 671 1154 761 (cf.
1168 676 1266 739 [teut.
1282 675 1398 750 28,10.
1416 674 1436 735 3
1449 671 1536 754 ch.

218 785 346 860 &aaa
365 785 439 847 Par.
456 783 547 861 7,11.
557 782 628 864 ler.
648 782 726 858 tt,9
741 775 841 863 otc.);
857 777 885 841 si
900 797 993 842 nunc
1005 776 1090 842 haec
1105 775 1298 866 appellatio
1308 773 1474 863 gentibus
1487 779 1544 842 at·

75 872 85 885 ⁸
133 884 135 887 ’
217 886 394 965 tribuitur,
411 888 528 970 gentes
545 902 617 948 non
639 875 893 947 constituuritur
909 878 1058 969 impares
1081 881 1211 970 populo
1223 882 1286 948 'ltei
1307 887 1343 948 et
1359 887 1539 970 tamquam

218 991 286 1059 alia
302 989 396 1056 natio
422 993 489 1054 beo
507 986 621 1053 dicata
635 984 690 1075 (ut'
707 984 817 1063 Weiss
839 984 943 1075 vult),
967 985 1150 1053 sedunum
1169 985 1272 1052 illum
1289 985 1459 1075 populum
1478 987 1540 1054 Dei
1674 1051 1679 1058 ,

210 1093 354 1182 'ingredi
371 1096 411 1159 ac'
428 1090 631 1159 constituere
647 1090 818 1180 dicuntur.
841 1095 1014 1181 Nusquam
1032 1090 1126 1159 enim
1143 1091 1214 1159 duo
1239 1113 1350 1179 regna
1378 1092 1451 1170 Dei,
1470 1089 1541 1157 duo

218 1198 339 1290 populi
351 1199 408 1265 [tei
418 1199 740 1267 commemorantur.
750 1196 954 1266 vaticinium
966 1199 1083 1289 itaque
1093 1199 1180 1287 ipsis
1194 1197 1298 1266 rebus
1312 1197 1418 1284 gostis
1430 1195 1540 1286 plane

85 1337 89 1344 ·
218 1303 389 1392 congruit.
403 1310 488 1372 Deus
500 1303 570 1371 iam
586 1303 767 1372 multosex
785 1302 972 1390 gentilibus
990 1302 1064 1370 sine
1083 1303 1343 1371 circumcisione
1360 1301 1405 1370 ad
1426 1301 1539 1369 eecle-

217 1408 456 1479 siam'lle'ssiac
478 1409 635 1486 adduxit3
658 1411 718 1477 aad
739 1409 776 1474 in
791 1407 951 1475 vaticinio
964 1409 1165 1476 enuntiatur
1187 1414 1347 1499 ternpore
1367 1407 1537 1477 massiano

217 1522 337 1606 gentes
348 1518 421 1584 fore
436 1499 601 1606 populum
625 1516 694 1582 Dei.
712 1518 757 1581 Er
775 1512 936 1581 vaticinio
951 1520 1094 1604 apparet
1113 1518 1220 1581 [terrm
1241 1515 1345 1596 valle,
1361 1520 1402 1583 ut
1418 1522 1542 1602 ‘gentes

217 1623 458 1709 ingrediantur
489 1626 635 1707 regnum
670 1618 904 1701 messianum¹
921 1619 982 1687 sed
1013 1618 1118 1687 r'ebus
1145 1619 1252 1707 gestis
1283 1618 1540 1687 demonstratur

218 1732 322 1795 Deum
354 1728 426 1794 iam
452 1725 576 1794 multos
602 1724 782 1794 advocasse
811 1725 883 1793 sine
909 1724 1184 1806 circumcisione;
1216 1745 1301 1813 ergo
1323 1724 1542 1793 circumcisio

219 1830 423 1900 excluditur·
464 1858 466 1862 ’
581 1838 583 1842 '

210 1938 227 1976 ·’
264 1943 309 2006 Ex
324 1922 392 2028 quo
416 1942 621 2025 argumento
643 1923 863 2027 consequitur
882 1937 1166 2007 instaurationem
1184 1936 1405 2005 tabernaculi
1431 1935 1538 2004 David

219 2045 256 2112 in
278 2043 355 2135 ipsa
380 2043 582 2112 fundatione
606 2048 640 2110 ct
660 2042 907 2133 propagatione
924 2043 1096 2110 Ecclesiae
1117 2043 1244 2111 Christi
1265 2042 1432 2111 contineri
1447 2042 1544 2132 (vide

219 2150 309 2241 quae
331 2149 403 2216 dixi
420 2149 457 2217 iu
475 2153 663 2217 Commeat.
684 2147 810 2235 Proph.
831 2148 915 2216 min.
932 2153 945 2215 l
966 2171 1002 2239 p.
1027 2152 1122 2240 336).
1142 2148 1351 2218 vaticinium
1374 2148 1541 2217 rccitatur

221 2257 293 2323 fere
308 2254 496 2322 secundum
511 2259 607 2339 Lxx,
624 2258 733 2322 textus
743 2254 842 2324 hebr.
857 2255 894 2322 in
908 2253 1018 2323 altero
1033 2256 1191 2324 membro
1203 2255 1315 2323 iertur
1332 2254 1401 2324 alio
1416 2255 1539 2338 modo,

219 2361 271 2429 uti
287 2361 416 2450 legitur
427 2361 464 2428 in
482 2348 578 2448 vulg.
598 2382 606 2427 :
628 2362 666 2428 ut
676 2359 869 2450 possideant
890 2361 1260 2450 reliquiasldumaaae
1286 2364 1320 2428 et
1341 2381 1460 2428 omnes
1483 2383 1545 2428 na·

219 2466 327 2535 tiones
340 2473 404 2534 etc.
421 2466 736 2556 Discrimenitaqne
747 2464 858 2533 solum
872 2472 925 2534 ast
937 2466 975 2533 in
990 2472 1058 2532 nno
1076 2465 1234 2533 membro
1253 2486 1261 2533 :
1282 2471 1323 2533 ut
1340 2466 1545 2556 possideant

219 2572 382 2662 reliquias
396 2571 519 2655 Edom3
536 2593 654 2640 sensus
665 2575 781 2639 autem
795 2576 845 2638 est
857 2571 961 2639 idam.
976 2574 1060 2639 Nam
1073 2571 1271 2640 declaratur
1280 2570 1542 2639 instaurationis

220 2678 409 2746 messiabae
425 2677 573 2747 ambitus
591 2683 626 2746 et
642 2677 786 2760 indoles,
801 2681 839 2745 ut
856 2676 943 2744 sicut
961 2675 1066 2745 David
1081 2677 1257 2746 Edomitas'
1273 2700 1335 2746 suo
1350 2699 1464 2765 regno·
1478 2677 1542 2745 a'd-

221 2783 311 2851 didit
326 2788 360 2873 (2
384 2786 466 2871 Reg.
490 2790 582 2865 8,1t.
607 2790 627 2851 3
654 2787 740 2871 Βοςζ
767 2782 895 2872 11,16),
914 2783 963 2850 ita
977 2782 1078 2870 regni
1100 2782 1253 2851 davidici
1276 2782 1480 2852 instauratio
1504 2792 1540 2852 ct

220 2890 390 2976 sanguine
415 2894 577 2976 cognatos
605 2890 756 2978 primum
784 2895 819 2956 et
839 2910 956 2971 omnes
983 2888 1063 2957 dein
1089 2888 1251 2957 nationes
1276 2890 1540 2981 complectatur.

222 2996 379 3063 Ceterum
398 2994 476 3062 vide
494 3016 582 3084 quae
595 2993 639 3062 ud
653 3001 727 3062 Am.
744 3000 823 3076 9,st
838 2993 959 3085 dixitl.
975 3016 1006 3062 c.
1020 3017 1057 3085 p.
1075 3001 1141 3075 333
1152 2995 1257 3086 seq.).
1272 3000 1395 3064 Totum
1410 2997 1545 3064 versio-

222 3101 276 3166 nis
294 3099 477 3168 discrimen
495 3099 539 3168 ad
565 3098 758 3168 litterarum
783 3099 1041 3168 similitudinem
1069 3101 1232 3169 retertur.
1260 3107 1299 3169 lu
1323 3107 1416 3170 textu
1439 3102 1540 3170 hebr.

222 3205 373 3273 habetur
395 3222 511 3271 nanu...
533 3220 636 3280 rnatu
652 3209 732 3273 LXX
751 3205 911 3292 legerunt
930 3221 1037 3270 niu...
1051 3220 1145 3272 antu
1171 3213 1207 3273 et
1224 3206 1275 3274 ita
1291 3214 1480 3275 verterunt.
1504 3212 1542 3274 at

222 3311 269 3379 ad
285 3309 581 3380 confirmationem
598 3311 727 3379 oraculi
746 3309 884 3378 additur
901 3332 909 3378 :
926 3310 1011 3378 dicit
1025 3311 1190 3380 Dominus
1200 3312 1339 3401 [aciens
1353 3313 1453 3397 haec,
1470 3336 1544 3404 quo

224 3415 342 3485 addito
356 3415 568 3505 significatur
583 3415 620 3484 id
643 3417 826 3484 certissime
853 3418 924 3485 lore
949 3438 1061 3507 neque
1086 3417 1268 3486 bominum
1291 3419 1452 3487 libertate
1482 3428 1542 3488 aut

224 3522 356 3591 malitia
366 3523 510 3590 evaderc
523 3525 621 3613 po'sse
629 3522 828 3591 vaticinium
842 3524 1011 3591 incassum
1021 3522 1113 3613 (vide
1123 3546 1213 3613 quae
1226 3525 1345 3592 notavi
1354 3525 1399 3592 ad
1413 3530 1454 3595 ls.
1467 3534 1539 3610 aa.

226 3628 327 3696 Zach.
350 3632 457 3717 o,1a).
475 3632 574 3710 Ecce,
590 3627 767 3695 concludit
781 3627 936 3711 lacobus,
951 3632 1037 3696 [teus
1050 3630 1120 3697 iam
1138 3629 1183 3696 ab
1201 3630 1443 3720 antiquissimo
1455 3637 1543 3699 tcm-

225 3736 310 3825 porc
324 3733 510 3801 declaravit
522 3755 557 3801 aa
570 3756 666 3802 nosse
681 3732 763 3824 quid
777 3734 926 3802 facturus
935 3739 1020 3802 essct
1035 3740 1112 3824 post
1124 3735 1264 3803 saecula
1278 3758 1311 3802 v.
1331 3743 1372 3805 18
1387 3750 1508 3805 uotiua
1520 3760 1544 3805 o

226 3838 363 3906 soeculo
384 3849 432 3906 est
451 3838 596 3906 Durnino
616 3861 699 3930 opus
714 3859 835 3925 suum,·
854 3839 899 3906 ab
921 3847 1060 3908 aeterno
1073 3840 1257 3931 praescivit
1279 3841 1366 3932 quid
1391 3844 1546 3910 facturus

228 3947 316 4012 asset
334 3946 412 4012 'cum
440 3944 754 4035 gentibus(Beel.);'
781 3945 906 4036 quibus
931 3945 1044 4013 verbis
1070 3968 1211 4014 causam
1230 3948 1344 4037 aperit
1369 3970 1431 4017 cur
1449 3948 1545 4016 exiis

229 4071 320 4139 quae
332 4049 416 4117 dixit
426 4073 459 4116 v.
478 4057 589 4135 lli-17,
600 4051 800 4120 concludere
814 4049 902 4119 illud
914 4059 1070 4142 oporteat
1079 4051 1173 4142 quod
1185 4076 1219 4120 v.
1236 4059 1277 4121 13
1291 4053 1544 4143 inlertholr.).

276 4155 435 4246 Sequitur
444 4155 560 4245 itaque
571 4157 761 4244 necessario
774 4180 805 4226 v.
824 4164 864 4226 13
872 4170 1016 4248 propter
1026 4157 1190 4249 quodeqo
1204 4157 1320 4227 iudico
1333 4182 1404 4227 non
1413 4158 1552 4250 inquic-

236 4262 305 4330 turi
320 4271 360 4347 μὴ
378 4272 576 4351 παρενοχλεῖν
591 4284 660 4330 non
677 4262 818 4354 insuper
833 4285 971 4349 vexare,
987 4286 1150 4348 onerare,
1170 4265 1344 4333 molestias
1356 4287 1473 4333 creare
1490 4289 1548 4334 eos

234 4370 298 4458 qui
310 4391 354 4436 ex
361 4369 518 4458 pentibus
534 4369 1124 4455 coarmanturadDeum,·cuuntiat
1134 4371 1253 4461 itaque
1263 4360 1393 4461 pariter
1403 4372 1552 4440 lacobus

234 4474 327 4565 quod
340 4475 377 4543 in
392 4479 560 4544 conventu
575 4475 806 4566 apostolorum
827 4499 860 4545 v.
878 4483 898 4543 b
921 4481 994 4545 erat
1016 4481 1182 4545 statutum
1198 4477 1256 4566 (cs.
1276 4477 1350 4545 Gal.
1376 4478 1462 4568 29).
1480 4479 1546 4547 Sed

231 4582 333 4649 simul
347 4580 390 4649 ad
409 4581 639 4651 conciliandos
653 4581 785 4649 animos
809 4582 1009 4651 ludaeorum
1028 4582 1125 4651 addit
1139 4606 1173 4651 v.
1188 4589 1232 4650 20
1256 4582 1319 4651 sed
1337 4584 1484 4654 scribere
1499 4584 1548 4653 ad

232 4710 287 4755 eos
311 4694 473 4759 ἐπιστεῖλαι
487 4694 590 4771 ἀὑταῖς
610 4689 744 4756 mittere
767 4686 838 4755 illis
856 4688 1075 4772 mandatum,
1092 4702 1132 4756 ut
1150 4688 1348 4758 obstineant
1368 4714 1404 4759 se
1426 4715 1449 4759 o
1468 4713 1550 4760 cou-
