4128 5442
1050 332 1120 376 scr.
1142 313 1284 387 eut-19.
1789 314 1827 371 73

493 489 562 556 que
580 467 716 537 animos
725 463 897 547 emolliat,
913 464 986 532 scio
1000 463 1088 553 quia
1100 484 1165 552 per
1177 459 1410 550 iquoraatiom
1420 457 1711 546 fecialiaaicutet
1726 462 1827 553 prin·

496 574 586 663 omes
600 570 721 653 vestri,
738 570 971 657 symmistae,
993 589 1145 658 quorum
1168 566 1311 659 quidem
1334 564 1533 653 ignorantia
1555 556 1827 656 longeculpabi-

493 680 560 746 lior
578 680 652 746 erut
671 696 777 765 quam
794 670 927 768 plebis;
949 673 1011 741 sed
1027 674 1070 741 de
1084 674 1127 743 iis
1140 682 1257 743 tamen
1272 675 1362 741 valet
1375 673 1461 740 illud
1476 697 1483 742 :
1499 673 1526 739 si
1542 672 1635 739 enim
1648 673 1826 759 cognovis-

493 789 586 866 sent,
613 780 792 870 nunquam
822 780 1009 851 Dominum
1036 780 1171 868 gloriae
1192 779 1432 849 crucifixissent
1448 779 1480 866 (1
1506 782 1580 846 Cor.
1601 779 1692 868 a‚8);
1721 799 1826 867 quam

493 886 730 975 ignorantiam
743 895 863 956 tamen
872 886 974 953 valde
985 888 1193 978 culpabilem
1208 888 1310 954 tuisse
1319 893 1353 953 et
1364 888 1400 953 in
1409 885 1538 975 populo
1550 889 1585 952 et
1598 884 1708 971 magis
1723 884 1826 951 etiam

493 993 766 1086 inprincipibus
785 994 944 1062 Christus
960 992 1059 1063 haud
1072 994 1178 1061 semel
1192 998 1313 1083 aperte
1333 991 1519 1060 declaravit
1535 990 1640 1080 (loan.
1657 996 1738 1074 5,t2
1752 1012 1823 1080 seq.

494 1106 598 1182 7,nt;
614 1107 711 1184 &am
737 1105 839 1181 9‚t1;
860 1105 982 1184 10,3·1;
1004 1101 1282 1189 12‚37;15,22);
1307 1103 1512 1166 eamtamen
1531 1096 1662 1186 aliquid
1685 1119 1828 1164 excusa-

494 1206 597 1275 tionis
612 1205 797 1274 admittere
810 1212 846 1272 et
859 1227 977 1273 secum
989 1207 1098 1288 ferre,
1114 1207 1187 1296 ipse
1199 1195 1350 1273 Christus
1363 1204 1400 1271 in
1410 1225 1509 1271 cruce
1522 1225 1625 1271 orans
1635 1203 1679 1272 ad
1692 1208 1828 1272 Patrem

494 1311 706 1401 significavit
722 1312 816 1395 (buo.
834 1319 938 1393 atat
957 1336 965 1381 ε
983 1311 1163 1380 nonenim
1182 1311 1296 1379 sciunt
1315 1310 1397 1402 quid
1415 1308 1570 1399 iaciunt).
1588 1310 1676 1376 lllud
1687 1311 1776 1377 sicut
1796 1323 1827 1376 et

473 1407 643 1486 'refeuur
665 1416 712 1484 ad
730 1424 844 1484 totum
867 1417 1036 1500 incisum,
1063 1439 1133 1484 non
1158 1418 1271 1485 solum
1292 1416 1337 1484 ad
1360 1415 1491 1505 fecistis
1497 1437 1513 1501 ,·
1532 1437 1611 1483 nam
1629 1423 1760 1482 certum
1776 1424 1826 1483 est

494 1526 598 1601 etiam
609 1523 823 1612 synedristas
831 1545 932 1615 posse
946 1523 1017 1592 dici
1031 1518 1341 1615 perignorantiam
1354 1523 1528 1612 quandam
1544 1522 1678 1599 lecisse;
1697 1522 1827 1612 paritor

494 1633 623 1697 certum
645 1634 695 1697 est
710 1633 849 1697 Petrum
860 1630 1041 1712 omnibus,
1061 1636 1097 1698 et
1106 1629 1202 1721 plebi
1213 1636 1248 1698 et
1258 1629 1474 1721 principibus
1487 1626 1575 1695 velle
1591 1650 1687 1718 spem
1704 1630 1825 1696 veniae

493 1742 527 1803 et
539 1736 659 1805 salutis
673 1758 884 1827 proponere.
905 1736 958 1804 Ad
979 1737 1070 1804 hanc
1089 1732 1186 1827 spem
1203 1738 1363 1804 omnibus
1380 1729 1605 1822 ingerendam
1632 1734 1732 1802 valde
1746 1757 1825 1802 con-

492 1842 559 1909 fert
574 1842 668 1932 quod
687 1839 955 1922 Petrus'monet,
977 1841 1066 1910 siout
1087 1848 1181 1926 ΜΒ,
1203 1842 1252 1910 sic
1269 1843 1457 1931 oportuisse
1471 1843 1546 1909 fieri
1561 1847 1596 1908 et
1611 1841 1733 1909 Christi
1751 1863 1825 1931 pas-

492 1947 626 2015 sionem
644 1971 666 2016 a
687 1949 871 2039 prophetis
898 1946 1115 2038 praedictam
1140 1950 1243 2016 inisse
1263 1948 1322 2039 (cl.
1348 1947 1442 2036 Chr.)
1471 1970 1504 2014 v.
1530 1954 1571 2015 18
1599 1951 1689 2015 Deus
1709 1959 1825 2014 autem

494 2075 584 2143 quae
612 2053 887 2143 praenuntiavit.
903 2075 969 2144 per
1001 2077 1038 2121 os
1071 2054 1226 2121 omnium
1246 2048 1517 2145 prophetorum,
1543 2053 1621 2144 poli
1652 2053 1825 2121 Christum

494 2160 611 2240 suum,
643 2159 695 2227 sie
728 2159 907 2250 impleuit,·
934 2159 1000 2228 luit
1022 2159 1142 2251 itaque
1164 2160 1276 2251 passio
1306 2161 1428 2230 Christi
1454 2159 1640 2229 secundum
1672 2159 1824 2227 divinam

495 2266 722 2334 voluntatem.
739 2271 830 2335 Bene
849 2267 950 2335 affert
972 2265 1052 2335 Chr.
1068 2267 1209 2336 effatum
1226 2268 1346 2356 loseph
1363 2289 1371 2336 :
1387 2273 1471 2335 Deus
1485 2288 1541 2334 me
1561 2267 1651 2334 misit
1673 2272 1753 2334 ante
1768 2288 1825 2334 vos

496 2370 592 2462 (Gen.
610 2377 719 2461 t5,5),
749 2395 820 2464 quo
844 2373 972 2441 fratres
986 2372 1185 2443 consolatur
1203 2374 1383 2443 ostendens
1402 2372 1575 2464 quomodo
1597 2379 1682 2440 Deus
1706 2395 1825 2441 eorum

494 2478 662 2547 malitiam
679 2480 718 2547 in
729 2476 864 2548 bonnm
877 2481 1099 2548 converterit.
1227 2471 1234 2479 ⁵

538 2588 577 2651 Et
594 2608 788 2676 provocans
802 2584 847 2654 ad
864 2607 983 2654 omnes
993 2587 1180 2677 prophetas
1193 2587 1254 2677 qui
1270 2589 1364 2654 vario
1383 2587 1483 2653 modo
1500 2595 1534 2653 et
1549 2586 1661 2653 verbis
1675 2593 1709 2652 et
1724 2585 1827 2652 rebus

494 2691 597 2778 gestis
624 2689 763 2759 labores
791 2693 928 2759 llessiae
961 2693 1226 2783 passionemque
1252 2692 1511 2783 praedixerant,
1536 2693 1638 2760 simul
1674 2698 1827 2759 removet

492 2796 694 2865 scandalum
709 2798 841 2880 crucis,
858 2799 932 2865 imo
951 2798 1046 2888 quod
1064 2798 1202 2867 ludaeis
1223 2799 1401 2867 offensioni
1416 2809 1464 2866 est
1488 2800 1540 2866 vol
1558 2822 1628 2867 esse
1643 2804 1769 2890 potest,
1787 2797 1825 2864 in

493 2912 740 2991 argumentum
755 2926 820 2995 pro
836 2909 913 2972 lesu
931 2906 1119 2989 convertit;
1136 2926 1217 2973 nam
1237 2908 1266 2974 sl
1283 2929 1356 2974 non
1371 2929 1485 2995 passus
1498 2905 1631 2988 luisset,
1646 2928 1715 2973 non
1737 2912 1824 2972 esset

493 3008 639 3092 llessias,
660 3032 764 3100 quem
787 3031 974 3102 passurum
999 3032 1071 3078 csse
1090 3012 1282 3102 prophetae
1311 3014 1567 3079 annuntiarant.
1597 3017 1681 3080 Num
1704 3034 1821 3079 revera

495 3137 611 3183 omnes
632 3116 825 3208 prophetae
840 3117 883 3184 de
903 3114 1086 3185 laboribus
1099 3121 1133 3184 et
1146 3119 1305 3208 passione
1319 3118 1451 3186 llessiao
1462 3119 1737 3186 annuntiabant?
1752 3123 1821 3185 lani

496 3220 661 3309 Didymus
682 3222 717 3288 in
743 3228 811 3290 cat.
825 3221 911 3289 dicit
933 3244 1051 3315 omnes
1065 3223 1215 3311 intelligi
1229 3246 1300 3291 non
1319 3246 1435 3292 omnes
1459 3225 1615 3309 omnino,
1631 3225 1691 3292 scd
1706 3246 1824 3291 omnes

495 3327 574 3395 illos
589 3329 649 3419 qui
663 3326 861 3418 passionem
872 3329 1176 3412 annuntiaverint,
1195 3353 1284 3420 quae
1298 3332 1465 3398 sententia
1480 3332 1605 3398 iterum
1628 3332 1664 3397 in
1684 3339 1750 3399 cat.
1768 3354 1823 3397 re-

496 3434 633 3502 citatur.
650 3438 809 3502 Ceterum
832 3433 925 3502 bene
943 3433 1136 3503 notandum
1165 3442 1234 3519 est,
1260 3437 1304 3505 dc
1327 3439 1368 3504 iis
1390 3460 1478 3527 quae
1497 3441 1683 3528 prophetae
1698 3439 1825 3506 docue-

495 3540 582 3624 rint,
603 3561 674 3607 non
693 3563 734 3608 ex
742 3539 824 3608 solis
838 3540 959 3631 paucis
971 3562 1093 3610 eorum
1107 3543 1244 3634 scriptis
1266 3566 1339 3612 esso
1359 3543 1523 3611 iudicium
1543 3544 1734 3613 ferendum.
1754 3549 1823 3611 lam

495 3647 531 3713 in
549 3647 664 3737 primo
688 3646 850 3715 vaticinio
877 3645 979 3714 labor
998 3656 1033 3716 et
1053 3648 1195 3730 vulnus,
1220 3672 1289 3739 quo
1305 3651 1444 3718 denium
1457 3651 1598 3717 victorin
1619 3651 1822 3741 acquiritur,

496 3752 588 3821 clare
601 3753 785 3822 exhibetur
799 3755 896 3842 (Gen.
920 3755 1036 3839 a‚15);
1059 3756 1235 3842 cogitndo
1255 3765 1337 3847 typo
1355 3757 1438 3843 agni
1458 3758 1643 3847 paschalis,
1660 3758 1828 3846 serpentis

375 3940 378 3945 1
495 3860 531 3925 in
546 3858 682 3927 deserto
698 3859 809 3949 (loan.
827 3864 927 3943 a,1t;
944 3861 1081 3950 meo),
1098 3860 1143 3927 dc
1157 3864 1331 3929 aerumnis
1347 3865 1608 3963 prophetarum.
1625 3865 1685 3952 qui
1701 3865 1737 3930 in
1750 3885 1827 3931 mu·

496 3987 577 4032 nere
587 3986 649 4033 suo
663 3966 816 4033 llessiam
829 3964 1041 4057 prophetam
1060 3967 1342 4057 praefigurabant
1361 3977 1394 4036 et
1413 3969 1559 4036 oraculis
1574 3971 1642 4037 suis
1656 3969 1823 4059 expiatio·

496 4092 575 4140 nem
592 4078 811 4161 peccatorum
822 4071 899 4140 fieri
913 4070 1038 4164 poenis
1050 4094 1074 4140 a
1088 4077 1157 4141 Deo
1175 4073 1315 4142 inflictis
1329 4077 1490 4143 continuo
1503 4076 1749 4143 demonstrant.
1824 4132 1827 4137 4

539 4177 690 4246 Salutem
710 4177 830 4268 itaque
845 4199 910 4268 per
923 4180 1078 4247 ttessiam
1093 4179 1257 4248 omnibus
1274 4182 1389 4249 ollorri
1414 4205 1482 4249 una
1496 4190 1545 4249 est
1564 4182 1721 4249 omnium
1743 4205 1823 4272 pro·

496 4284 679 4376 phetarum
693 4303 775 4364 vox;
793 4306 902 4374 quare
916 4286 1019 4353 inlert
1027 4290 1146 4356 Petrus
1160 4309 1192 4354 v.
1206 4294 1246 4354 19
1255 4288 1483 4377 poenitemini
1493 4289 1602 4379 ipitiu·
1613 4302 1646 4356 ct
1658 4290 1824 4355 converti·

497 4390 603 4476 utini,
625 4403 664 4458 ut
683 4389 869 4459 deleantur
888 4406 1034 4484 peccota
1054 4405 1187 4480 vestrm·
1205 4394 1347 4462 doleant
1365 4396 1407 4462 de
1427 4396 1536 4485 culpis
1559 4396 1730 4477 admissis,
1753 4418 1823 4463 sese

495 4495 629 4564 sincero
644 4494 748 4564 corde
762 4497 808 4564 ad
820 4503 929 4567 Deum
941 4505 1163 4583 convertant,
1177 4511 1254 4589 πρὸς
1269 4503 1306 4568 in
1320 4523 1399 4569 eum
1413 4503 1532 4583 finem,
1548 4514 1581 4571 τὶ
1595 4508 1819 4590 eiectamenta,

497 4608 536 4672 ut
553 4601 809 4687 oblitterentur,
824 4612 1074 4695 expungantur
1091 4613 1233 4696 peccata
1247 4615 1374 4689 vcstra;
1403 4609 1444 4677 cl.
1462 4616 1557 4691 2383
1575 4632 1594 4675 a
1615 4609 1823 4699 poenitentia

496 4709 619 4801 incipit
647 4710 863 4799 praedicatio
894 4713 996 4800 regni
1014 4712 1091 4796 Dei,
1119 4712 1297 4805 perillam
1319 4722 1412 4805 patet
1438 4717 1491 4784 via
1521 4716 1565 4783 ad
1596 4722 1702 4783 [teum
1722 4722 1756 4782 et
1776 4717 1821 4784 ad
