4092 5490
22 294 29 311 ¹
112 312 136 339 ⁹
214 340 273 402 198
727 351 731 357 ·
766 359 832 406 scr.
857 345 975 420 rin-o.

158 485 165 499 ’
212 494 281 556 tres
293 510 367 557 esse
391 489 576 561 allocutum
595 513 720 583 eosque
744 473 850 581 longo
867 515 1023 561 sermone
1045 492 1166 559 habito
1188 490 1434 571 confirmasse,
1452 493 1533 561 dein

46 648 60 672 ,.
92 584 103 609 ”
211 616 276 686 per
289 596 447 686 regiones
461 598 616 667 docuisse
628 598 737 668 donec
753 600 887 667 veniret
911 600 1108 668 Ierusalem.
1124 602 1230 676 Quam
1245 618 1365 666 rerum
1381 595 1535 686 descrip-

210 702 340 771 tionem
360 705 449 795 Bels.
466 704 605 773 firmum
619 709 733 771 censet
746 726 817 770 esse
830 709 1094 790 argumentum,
1111 704 1197 771 haec
1219 725 1290 771 non
1309 703 1354 771 ab
1369 707 1533 772 extraneo

210 810 362 898 quodam
376 832 447 878 esse
459 809 649 898 adscripta,
666 807 725 874 sed
739 808 784 873 ad
799 807 950 897 priorem
969 813 1077 875 Lucae
1097 808 1333 877 narrationem
1352 830 1425 877 esse
1444 809 1534 876 rele-

54 908 59 916 ’
184 915 316 983 'reuda
331 918 380 1005 (p.
398 917 465 1001 63).
487 912 608 989 Quanti
632 912 796 979 momenti
815 913 934 979 habita
959 914 1003 980 sit
1024 914 1111 982 haec
1128 911 1309 980 innovatio
1329 901 1535 984 instituendi
1645 954 1650 959 ·

208 1021 310 1089 vilae·
323 1039 527 1108 mensaeque
552 1017 746 1085 societatem
768 1040 846 1085 eum
871 1017 1097 1108 alienigenis,
1119 1017 1225 1086 etiam
1253 1040 1294 1086 eo
1315 1018 1426 1108 liquet
1441 1020 1534 1110 quod
1575 1088 1578 1093 ,
1601 1016 1603 1021 ’

22 1180 28 1187 .
46 1116 49 1120 ’
100 1155 103 1159 v
207 1129 313 1193 Lucas
326 1124 452 1191 iterum
466 1127 576 1192 totum
590 1123 686 1190 illum
707 1130 867 1227 eventum
881 1124 1004 1193 iisdem
1017 1126 1089 1193 fere
1104 1123 1219 1193 verbis
1234 1124 1340 1192 refert
1351 1125 1543 1220 occasione·

85 1278 102 1307 ·,
206 1227 462 1320 disceptationis
476 1235 511 1297 et
524 1230 746 1326 querelarum
765 1230 1186 1300 Iudaeo-christianorum.
1207 1236 1355 1299 Vocatur
1375 1229 1472 1298 enim
1492 1229 1532 1297 in

25 1330 33 1345 “
75 1349 81 1353 ·
208 1333 490 1425 disceptationem
511 1337 635 1404 modus
652 1336 780 1423 agendi
797 1338 902 1419 Petri,
925 1342 963 1403 ut
977 1359 1045 1426 quo
1058 1337 1171 1425 magis
1187 1342 1477 1420 commentatur,
1491 1357 1532 1405 eo

207 1440 319 1527 magis
336 1441 478 1511 illustris
491 1441 657 1508 reddatur
666 1462 706 1508 ac
717 1441 896 1531 perspicua
910 1441 997 1508 haec
1015 1442 1075 1508 Dei
1090 1441 1264 1509 ordinatio
1281 1448 1315 1509 et
1337 1442 1439 1509 aliter
1457 1463 1533 1510 sen·

32 1520 37 1527 .
83 1636 85 1639 v
206 1545 328 1614 tientes
345 1550 523 1638 perspecta
536 1546 678 1613 veritate
694 1545 910 1634 acquiescant
927 1546 983 1632 (cl.
1002 1545 1147 1636 Salm.);
1164 1569 1197 1614 v.
1225 1553 1241 1614 l
1258 1546 1449 1615 audierunt
1466 1569 1533 1615 au-

81 1668 90 1680 *
206 1663 275 1717 tem
301 1649 450 1740 apostoli
469 1662 502 1717 et
519 1653 649 1740 fratres
662 1650 725 1741 qni
744 1662 842 1717 erant
865 1650 903 1717 in
920 1650 1050 1718 Iudaea
1065 1654 1141 1721 κατὰ
1166 1651 1191 1720 i.
1216 1673 1248 1719 e.
1271 1673 1336 1740 per
1361 1651 1528 1721 Iudaeam

87 1818 112 1850 ‚.
206 1754 280 1821 scil.
296 1754 460 1844 dispersi3
480 1755 602 1823 merito
620 1766 646 1824 ot
669 1763 753 1836 ὄντες
777 1756 930 1823 referunt
949 1755 994 1823 ad
1017 1755 1190 1847 apostolos
1210 1760 1246 1824 et
1265 1755 1390 1825 iratres
1409 1755 1529 1844 (Salm.
1563 1814 1582 1851 ι,

205 1858 297 1926 Beel.
314 1863 412 1929 Patr.
427 1860 489 1928 Fel
505 1860 545 1948 .),
562 1860 727 1953 quomam
742 1874 777 1929 et
786 1874 904 1952 pentes
918 1848 1271 1953 receperuntverbuin
1282 1861 1353 1931 Dei
1354 1881 1371 1948 ;
1380 1868 1416 1930 et
1426 1862 1456 1930 si
1468 1867 1531 1930 Pe-

207 1971 280 2033 trus
297 1965 429 2034 diutius
444 1971 626 2034 Caesareae
640 1967 852 2051 versabatur,
866 1966 1050 2056 probabile
1060 1974 1111 2036 est
1122 1972 1263 2059 praeter
1284 1966 1429 2038 domum
1448 1972 1530 2036 Cor·
1567 1990 1572 1994 “

205 2056 293 2139 nelii
303 2071 389 2139 alios
404 2094 541 2162 quoque
560 2073 774 2160 exgentibus
788 2073 930 2141 verbum
950 2074 1131 2164 recepisse.
1154 2078 1270 2165 Neque
1292 2073 1407 2142 obstat
1426 2074 1531 2164 (quod
1564 2128 1566 2134 .

204 2175 311 2267 aliqui
328 2182 502 2245 monentes
521 2177 719 2269 obiiciunt),
738 2179 781 2247 de
800 2179 872 2247 solo
895 2180 1053 2248 Cornelio
1075 2180 1173 2247 reddi
1187 2179 1356 2248 rationem
1377 2202 1399 2247 a
1413 2185 1528 2260 Petro;

22 2282 42 2381 μ’
71 2262 82 2362 s,
204 2302 285 2349 nam
313 2288 430 2351 Petrus
450 2284 565 2371 arguit
586 2306 625 2351 ex
647 2284 777 2353 visione
795 2285 915 2353 habita
935 2285 1118 2377 verbisque
1142 2285 1270 2354 auditis
1283 2273 1374 2374 qnae
1397 2307 1469 2353 non
1486 2284 1531 2352 ad

205 2390 318 2454 unum'
333 2392 468 2455 tantum
482 2395 640 2457 eventum
661 2391 828 2458 coarctari
846 2396 1002 2481 possunt;
1021 2397 1124 2481 atque
1145 2392 1193 2459 ita
1207 2390 1378 2458 visionem
1397 2394 1531 2458 aPetro

169 2550 173 2558 .
204 2513 274 2560 esse
286 2492 517 2576 intellectam,
537 2494 735 2576 iam10,3t.
753 2501 795 2565 35
809 2502 860 2563 est
875 2497 1104 2564 enuntiatum.

194 2617 199 2622 “
247 2605 338 2668 Bene
352 2605 475 2668 notant
492 2601 571 2668 etr.
583 2600 690 2668 Selm.
707 2601 834 2691 aliique
845 2602 987 2669 ludaeos
999 2601 1118 2669 fideles
1132 2623 1203 2668 non
1218 2623 1388 2689 oggerere
1402 2606 1503 2670 Petro
1518 2625 1527 2672 τ

204 2725 266 2771 cnr
283 2704 353 2771 illis
371 2704 602 2795 praedicasti?
617 2728 735 2774 verum
748 2706 790 2773 iis
808 2706 988 2774 offensioni
1005 2727 1077 2774 esse
1092 2706 1183 2774 vitae
1197 2728 1405 2796 mensaeque
1419 2707 1530 2775 socie·

203 2813 310 2877 tatem
323 2831 402 2877 cum
424 2809 493 2877 illis
512 2811 634 2878 initam
653 2835 685 2879 v.
703 2818 724 2897 2
749 2834 825 2879 caeru
847 2824 963 2879 aretem
986 2810 1193 2880 ascendisset
1217 2816 1342 2881 Petrus
1360 2812 1550 2902 lerosoly-·

94 2963 103 2969 -
203 2935 317 2997 mam,
333 2914 570 3005 disceptabant
583 2919 748 2985 adversus
763 2918 882 3002 illum;
897 2918 1043 3008 quidest
1056 2925 1254 3008 &explessem
1269 2910 1527 3003 ἑσκανδαλίζοντό,

205 3027 305 3108 φησὶν,
327 3026 359 3090 ct
386 3032 497 3111 μικρῶς
519 3021 643 3111 (Chr),
662 3024 725 3113 qni
743 3036 841 3091 erant
860 3047 903 3091 ee
923 3023 1202 3108 circumcisione,
1217 3045 1289 3091 non
1309 3023 1421 3110 igitur
1443 3045 1528 3115 apo·
1611 3094 1617 3100 ,

203 3126 298 3194 stolis
316 3126 494 3195 offensioni
510 3126 548 3194 id
567 3134 654 3211 erat,
671 3129 731 3196 sed
750 3129 1106 3211 Iudaeo-christianis,
1126 3129 1187 3219 qui
1204 3128 1281 3219 ipsa
1299 3130 1366 3197 hac
1381 3128 1529 3198 dictione

202 3232 274 3300 iam
289 3232 386 3323 quasi
398 3254 478 3323 pars
497 3232 667 3323 quaedam
689 3235 796 3301 nimia
817 3235 1051 3303 aestimatione
1070 3234 1298 3303 traditionum
1316 3234 1453 3304 imbuta
1468 3235 1528 3303 de-

202 3337 401 3427 signantur;
419 3338 463 3405 cl.
480 3348 506 3406 ct
525 3347 560 3406 ἐκ
582 3359 745 3427 aspirarem
760 3344 855 3407 Rom.
880 3347 979 3423 t‚1·2;
1005 3340 1046 3407 iis
1061 3345 1287 3430 opponuntur
1305 3350 1331 3409 ot
1348 3350 1384 3410 ἐγ.
1401 3350 1527 3422 πίστεως

204 3444 313 3533 (Rom.
329 3449 421 3526 336.
436 3443 508 3510 Gal.
526 3445 619 3530 3,7l;
638 3467 669 3510 v.
692 3451 711 3511 3
726 3444 873 3514 (licentes
893 3467 1028 3537 :quare
1042 3445 1195 3514 introisti
1209 3444 1257 3514 ad
1274 3445 1364 3514 viros
1371 3469 1528 3539 praepu-

203 3549 291 3617 tium
311 3548 474 3616 tabentes
494 3562 527 3616 et
545 3549 761 3618 risondncesti
776 3573 854 3618 cum
883 3552 966 3635 illis,
997 3558 1042 3620 tn
1066 3552 1333 3643 (recitaturum),
1354 3551 1476 3620 dicunt
1494 3560 1528 3621 et

202 3661 454 3724 murmurantes
468 3662 637 3743 aggerunt
664 3679 672 3724 :
693 3657 840 3723 introisti
854 3664 888 3724 et
909 3656 1141 3738 manducasti3
1163 3679 1248 3745 ergo
1268 3662 1407 3726 Petrum
1422 3658 1526 3727 viola·

202 3767 255 3830 tae
268 3759 444 3847 religionis
456 3766 628 3828 accusant.
645 3766 684 3828 ln
695 3762 980 3852 interpretatione
1009 3761 1088 3831 Chr.
1103 3784 1243 3852 quoque
1262 3762 1362 3854 ponit
1376 3764 1455 3854 (pro
1468 3765 1525 3852 tn)

202 3871 248 3938 διὰ
260 3876 303 3952 et,
326 3865 386 3933 sed
405 3865 548 3953 gravior
566 3868 785 3957 reprehensio
797 3875 830 3935 ct
847 3867 1042 3936 animorum
1060 3866 1256 3956 indignatio
1269 3869 1475 3959 exprimitur
1490 3869 1526 3938 in

201 3969 432 4041 affirmatione
454 3991 462 4038 t
485 3972 551 4039 hoc
572 3973 678 4040 iecisti
702 3973 796 4064 quod
823 3974 964 4042 minime
986 3973 1069 4042 licet
1096 3974 1227 4055 iacere;
1244 3997 1327 4043 nam
1346 3975 1527 4066 inquisitio

201 4099 323 4146 causae
338 4076 413 4144 fieri
430 4083 539 4166 potest
558 4079 629 4147 sine
656 4080 727 4148 ulla
746 4080 1008 4172 vituperatione,
1025 4102 1114 4171 quae
1129 4080 1249 4171 utique
1263 4081 1331 4149 hoc
1353 4079 1430 4149 loco
1455 4081 1525 4150 iam

202 4183 308 4253 verbo
321 4190 499 4271 διεκρίνοντο
514 4183 725 4273 designatur.

243 4294 360 4359 Petrus
373 4287 455 4356 facit
468 4289 559 4380 qnod
575 4302 692 4381 postea
706 4293 743 4360 in
758 4315 819 4360 sua
831 4291 978 4383 epistola
993 4293 1112 4382 priore
1132 4291 1354 4360 commendat
1376 4314 1385 4358 t
1410 4293 1525 4383 parati

200 4419 337 4487 semper
356 4394 399 4463 ad
420 4396 685 4466 satisfactionem
707 4399 800 4465 omni
819 4398 972 4487 poscenti
989 4420 1048 4468 vos
1066 4397 1237 4465 rationem
1258 4397 1405 4466 reddere
1422 4397 1466 4465 de
1484 4419 1524 4465 ea

200 4502 333 4593 quaein
342 4502 438 4570 vobis
450 4507 498 4570 est
510 4525 569 4594 spe
586 4504 697 4593 (3,15;
715 4505 838 4595 Calin.)
859 4527 890 4571 v.
905 4503 1104 4595 iincipiens
1115 4514 1231 4571 autem
1240 4507 1524 4595 Petrusexpone·

200 4607 340 4677 batillis
354 4606 512 4676 ordinem
529 4616 657 4695 καθεξῆς
678 4632 748 4677 rem
766 4632 927 4680 enarrare
947 4609 1139 4679 secundum
1152 4608 1275 4677 seriem
1295 4607 1523 4700 ordinemque

200 4715 363 4805 temporis
378 4715 437 4805 (cl.
462 4716 506 4785 ad
527 4722 606 4785 Luc.
639 4718 706 4806 1‚3)
729 4716 844 4785 dicens
867 4739 881 4784 .·
896 4739 929 4784 v.
952 4725 972 4786 5
993 4738 1054 4807 eqo
1074 4736 1170 4784 eram
1192 4714 1390 4784 incivitate
1417 4717 1521 4807 Ioppe
