4054 5442
1005 384 1072 428 act.
1094 367 1254 438 stul-26.
1731 373 1789 431 ⁴33

464 516 592 586 latione
604 517 768 587 didicisse
789 515 983 585 censendus
1001 520 1065 595 est3
1083 524 1218 585 ἐκπεσεῖν
1240 516 1282 582 oi.
1300 538 1331 583 v.
1357 522 1396 582 17
1416 515 1586 597 incidere;
1604 519 1731 588 dieitur
1745 522 1788 590 de

465 624 612 692 navibus
634 629 669 691 et
692 623 734 691 de
757 622 939 708 naufragis
970 644 1010 689 ex
1036 620 1138 689 undis
1156 623 1193 688 in
1215 644 1332 712 rupes,
1362 622 1448 690 vada
1473 645 1634 706 arenosa,
1660 626 1789 695 insulas

465 728 584 798 eiectis
599 727 654 795 vel
670 727 949 818 impingentibus
962 728 1000 796 in
1013 749 1096 795 saxa
1108 733 1172 796 etc.

504 923 569 983 Viri
586 922 718 1001 quidam
736 923 842 986 critici
857 942 885 985 r.
906 925 1004 984 21-26
1022 928 1186 1002 tamquam
1205 922 1391 984 vaticinium
1411 928 1484 1002 post
1502 930 1655 987 eventum
1678 943 1695 987 e
1713 944 1785 987 nar-

463 1020 588 1081 ratione
608 1019 744 1083 eiiciunt
762 1017 893 1100 (Zetler,
912 1018 1048 1098 0oerb.),
1069 1019 1166 1081 etiam
1184 1018 1272 1100 Hitp.
1289 1020 1569 1099 interpolationem
1588 1024 1729 1084 auctoris
1749 1024 1789 1085 ad

462 1116 679 1197 Theophilum
702 1118 748 1179 ibi
768 1116 999 1197 deprehendit,
1016 1115 1148 1196 insuper
1167 1117 1208 1178 iis
1226 1117 1373 1179 versibus
1392 1117 1581 1198 interrumpi
1602 1125 1789 1183 contextum

464 1215 642 1288 contendit,
657 1216 724 1277 imo
739 1219 855 1294 postea
869 1233 900 1275 v.
915 1216 955 1275 29
971 1231 1040 1294 seq.
1057 1214 1097 1275 li
1111 1230 1180 1275 rem
1192 1214 1246 1276 hic
1259 1221 1416 1276 narratam
1431 1214 1524 1294 plane
1539 1217 1660 1296 negari.
1674 1220 1790 1280 Contra

463 1312 522 1374 hos
555 1312 618 1374 hoc
644 1314 715 1374 loco
747 1311 865 1374 adduci
895 1315 1003 1391 potest
1030 1312 1099 1392 ipse
1135 1310 1258 1392 Weizr.;
1285 1312 1337 1373 hic
1364 1312 1493 1391 quidem
1522 1314 1676 1395 pleraque
1706 1333 1788 1394 quae

464 1427 534 1488 cap.
546 1411 639 1470 22-26
649 1412 820 1471 narrantur
829 1408 862 1470 in
874 1409 1010 1472 dubium
1024 1413 1116 1470 vocat
1128 1414 1161 1470 et
1173 1426 1210 1470 er
1223 1409 1401 1471 narratione
1415 1409 1468 1471 illa
1482 1410 1563 1473 adeo
1574 1412 1738 1492 pellucida
1752 1430 1789 1474 ac

464 1505 680 1568 determinata
692 1508 799 1584 solum
819 1523 921 1587 pauca
937 1506 1097 1585 quaedam
1115 1523 1214 1586 eaque
1230 1505 1322 1568 valde
1337 1525 1415 1588 vaga
1433 1507 1471 1568 ad
1488 1508 1585 1570 tidem
1602 1510 1788 1572 historicam

463 1604 625 1684 pertinere
646 1621 745 1684 posse
766 1604 947 1676 existimat,
964 1604 1033 1666 scil.
1056 1604 1237 1683 praesentia
1256 1605 1342 1666 Pauli
1362 1604 1538 1667 tumultum
1560 1606 1593 1666 in
1612 1607 1785 1669 Ierusalem

463 1718 535 1763 esse
550 1707 714 1771 exortum:
725 1701 953 1781 magistratum
965 1718 1138 1763 romanum
1153 1701 1300 1764 iniecisse
1310 1719 1423 1764 manus
1436 1702 1468 1763 in
1480 1704 1613 1765 Paulum
1624 1709 1785 1784 tamquam

462 1799 622 1862 tumultus
634 1802 667 1860 et
684 1798 854 1861 seditionis
869 1803 1051 1874 auctorem3
1068 1814 1142 1860 eum
1162 1799 1292 1878 quidem
1314 1798 1484 1861 violentiae
1505 1800 1695 1863 ludaeorum
1716 1820 1785 1864 esse

461 1901 610 1976 creptum
624 1914 643 1957 a
658 1897 859 1976 magistratu,
871 1902 905 1958 at
925 1901 1085 1959 retentum
1099 1897 1277 1976 captivum,
1290 1898 1329 1958 ab
1344 1898 1412 1976 ipso
1427 1904 1629 1976 procuratore
1649 1899 1785 1960 Paulum

460 1988 606 2057 habitum
622 2010 692 2057 esse
707 1993 877 2056 seditionis
892 1998 1060 2061 auctorem
1081 1998 1114 2056 et
1131 1995 1396 2074 perturbatorem
1413 1994 1469 2056 sed
1488 1996 1681 2058 sententiam
1695 1996 1781 2058 iudi·

460 2091 576 2153 cialem
589 2092 628 2153 ab
643 2109 682 2153 eo
698 2109 765 2153 non
780 2108 852 2154 csse
869 2091 997 2166 datam,
1013 2091 1090 2173 qnia
1103 2090 1233 2152 andam
1253 2092 1368 2152 Paulus
1382 2092 1545 2154 Caesarem
1566 2093 1783 2172 appellaverit.

460 2191 523 2264 En,
545 2189 625 2251 baec
645 2190 712 2251 sola
730 2189 799 2251 vult
816 2189 957 2269 relinqui
979 2205 1018 2250 en
1037 2189 1092 2250 illa
1111 2188 1304 2250 narratione!
1327 2190 1392 2251 Hac
1407 2194 1514 2251 autem
1531 2191 1736 2252 truncatione
1755 2195 1787 2253 et

460 2286 628 2366 negatione
644 2303 754 2349 rerum
769 2302 841 2348 sese
853 2285 1000 2365 proiecto
1016 2302 1084 2347 non
1096 2287 1209 2365 paucis
1227 2286 1428 2348 commendat
1443 2291 1475 2349 et
1488 2288 1602 2366 probat
1621 2292 1784 2367 tamquam

458 2384 565 2446 virum
591 2385 709 2446 eximie
733 2384 899 2447 criticum!
924 2384 992 2446 lam
1022 2384 1109 2446 idem
1130 2385 1225 2463 plena
1247 2384 1451 2463 persuasione
1473 2401 1528 2446 eos
1550 2387 1655 2466 arguit
1678 2386 1785 2465 magni

459 2482 578 2544 erroris
592 2482 647 2560 qui
662 2482 695 2542 in
710 2482 769 2544 hac
783 2481 824 2544 de
840 2481 957 2545 itinere
967 2480 1149 2544 narratione
1161 2481 1300 2561 aliquam
1313 2481 1591 2561 interpolationem
1604 2482 1784 2562 deprehen·

459 2579 534 2641 dere
543 2579 605 2641 sibi
616 2579 802 2655 videantur,
816 2578 1033 2641 narrationem
1047 2578 1134 2639 nullo
1147 2577 1244 2640 modo
1254 2595 1345 2657 posse
1354 2578 1506 2657 discerpi;
1518 2579 1586 2641 lieri
1597 2579 1780 2642 nullatenus

459 2693 551 2755 posse
566 2682 602 2738 ut
617 2693 701 2756 quae
713 2676 797 2737 mira
811 2676 877 2738 sint
893 2675 968 2738 inda
984 2676 1175 2750 avellantur3
1190 2675 1271 2737 nihil
1286 2676 1440 2738 contineri
1461 2676 1493 2737 in
1513 2677 1779 2739 tota'narratione

458 2773 545 2853 quod
559 2792 623 2836 non
639 2775 683 2836 ita
697 2774 828 2837 evenire
841 2773 987 2854 potuisse
1001 2773 1199 2835 censendum
1216 2773 1258 2834 sit
1278 2773 1311 2834 in
1326 2790 1359 2834 re
1374 2778 1462 2852 gesta
1477 2779 1507 2835 et
1523 2774 1697 2837 secundum
1715 2775 1782 2854 opi·

456 2872 589 2934 nionem
604 2872 776 2935 hominum
798 2872 947 2944 illorum;
962 2871 1073 2933 omnia
1086 2888 1184 2950 quam
1203 2870 1326 2951 optime
1345 2888 1516 2950 congruere
1533 2871 1573 2933 ad
1592 2872 1681 2933 l‘auli
1701 2874 1781 2934 ima·

455 2969 566 3049 ginem
588 2969 679 3031 etad
699 2986 839 3048 eaquae
860 2967 981 3031 Paulus
1000 2969 1069 3047 ipse
1088 2973 1194 3029 narret
1215 2968 1254 3029 de
1275 2968 1307 3027 vi
1329 2975 1359 3029 et
1381 2968 1519 3032 elllcacia
1538 2969 1726 3048 prophetiae
1749 2976 1780 3032 ct

457 3066 689 3129 charismatum
702 3083 760 3129 seu
776 3065 853 3128 doni
869 3066 1104 3128 miraculorum
1117 3065 1151 3139 in
1165 3066 1311 3127 coetibus
1326 3065 1467 3126 lldelium
1480 3065 1525 3145 (p.
1542 3066 1625 3147 tii).

499 3164 588 3226 Unde
603 3163 723 3227 criticis
742 3164 940 3244 opponimus
959 3161 1119 3226 criticum.
1135 3163 1282 3224 Ceterum
1309 3160 1418 3223 ll‘endt
1438 3180 1566 3244 quoque
1584 3165 1649 3244 agit
1670 3171 1779 3226 contra

459 3260 531 3322 illos
553 3261 694 3324 criticos.
715 3263 829 3341 Neque
848 3279 878 3323 r.
899 3262 940 3322 30
960 3277 1029 3339 seq.
1051 3263 1090 3321 ta
1111 3265 1246 3340 negatur
1267 3260 1344 3321 illud
1367 3260 1456 3321 Pauli
1479 3260 1620 3322 aliatum.
1637 3261 1736 3335 Quid,
1753 3263 1780 3322 si

458 3365 571 3421 nautae
592 3377 668 3439 prae
687 3359 823 3438 reliquis
834 3357 981 3438 faciliore
995 3356 1087 3419 modo
1099 3375 1134 3419 se
1150 3375 1275 3418 servare
1290 3357 1439 3419 volebant
1453 3357 1615 3432 timentes,
1637 3377 1679 3420 ne
1694 3365 1781 3439 post·

459 3474 496 3518 ea
522 3456 623 3520 iractn
646 3456 719 3518 navi
743 3456 867 3519 diutius
890 3455 1087 3518 iactarentur
1109 3455 1259 3517 ssuctibus
1281 3462 1310 3516 et
1336 3454 1442 3517 solunr
1469 3456 1607 3517 maxima
1632 3457 1781 3518 molestia

457 3555 617 3634 perfuncti
630 3554 671 3616 ad
683 3554 810 3617 aridam
825 3552 1040 3617 elicerentur?
1053 3552 1153 3627 Quid,
1169 3553 1196 3614 si
1213 3557 1328 3614 nautae
1343 3570 1408 3614 non
1421 3552 1552 3615 omnino
1568 3554 1675 3614 verbis
1693 3554 1779 3616 Pauli

458 3652 588 3730 plenam
604 3652 700 3714 fidem
716 3651 908 3714 adhibentes
922 3651 1075 3713 tutiorem
1088 3650 1172 3711 viem
1187 3650 1304 3729 eligere
1320 3650 1497 3712 malebant?
1507 3669 1584 3713 num
1598 3650 1630 3712 id
1646 3652 1779 3732 cogitari

457 3750 592 3829 nequit?
604 3766 713 3812 nonna
728 3766 844 3811 omnes
860 3755 975 3810 natura
988 3749 1070 3811 duce
1091 3748 1309 3828 impelluntur,
1323 3753 1357 3810 ut
1370 3748 1529 3827 praesenti
1549 3748 1694 3828 periculo
1710 3766 1779 3809 seso

458 3848 639 3910 subducant
651 3849 843 3926 praesertim
857 3846 885 3908 si
899 3847 1006 3908 maius
1021 3846 1197 3926 periculum
1213 3862 1377 3908 erasurum
1390 3847 1451 3907 sit?
1465 3847 1501 3907 Et
1514 3846 1608 3925 plano
1628 3845 1780 3908 frivolum

458 3949 507 4006 ost
521 3947 662 4008 obiicere
683 3963 721 4008 er
739 3964 769 4006 r.
792 3947 848 4020 42;
864 3945 980 4007 volunt
999 3944 1121 4006 milites
1138 3943 1283 4005 occidere
1302 3943 1444 4022 captivos
1463 3961 1504 4004 no
1519 3944 1688 4023 effugiant3
1705 3961 1780 4019 orno

457 4044 532 4121 quia
547 4043 692 4105 sciebant
706 4043 756 4105 vel
772 4042 932 4123 putabant
951 4041 1025 4103 illos
1042 4040 1108 4103 iore
1126 4041 1331 4120 superstites,
1348 4040 1493 4102 volebant
1510 4057 1564 4103 eos
1580 4041 1777 4103 interimere.

457 4142 569 4203 Nonne
584 4140 617 4203 id
632 4141 741 4220 potius
756 4141 926 4203 conilrmat
940 4155 1041 4201 rema
1061 4139 1158 4200 Paulo
1172 4138 1387 4219 praedictam?

824 4336 846 4406 c)
861 4337 1090 4404 Naufragium
1102 4336 1233 4391 iaciunt
1246 4338 1412 4389 272744.

494 4511 587 4578 ihil.
604 4511 660 4565 Sed
674 4515 861 4577 posteaquam
879 4507 1104 4574 quartadecima
1177 4506 1270 4571 imi.
1309 4501 1352 4564 Ὠς
1387 4501 1413 4555 ii
1448 4504 1701 4572 τεσσαρεσκαιδεκάτη
1737 4502 1779 4566 ahi

456 4613 514 4652 nox
541 4602 719 4665 superuenit,
742 4597 945 4664 nangantlbus
964 4596 1046 4647 nobis
1074 4596 1103 4646 ln
1140 4590 1249 4663 lancea,
1273 4592 1453 4662 ὃιαςερομὲνων
1475 4589 1548 4662 ἡμῶν
1571 4591 1597 4645 lv
1620 4597 1659 4662 τῷ
1681 4590 1777 4662 Ἁδρίᾳ,

457 4689 543 4741 Adria
575 4690 649 4740 olroa
672 4688 795 4740 mediam
821 4691 948 4747 noctem,
974 4687 1103 4750 suspica·
1140 4680 1202 4733 κατὰ
1231 4683 1306 4750 μέσον
1331 4683 1375 4745 τῆς
1398 4679 1483 4742 νυκτὸς
1505 4679 1625 4734 taracona
1644 4680 1669 4733 oi
1691 4686 1778 4734 ναῦται

456 4777 557 4830 bantur
571 4783 675 4829 nautae
691 4788 829 4842 apparere
847 4775 901 4827 slbl
916 4772 1041 4839 aliquam
1056 4785 1103 4824 ro·
1140 4770 1274 4841 προσάγειν
1302 4769 1356 4822 τινὶ
1380 4767 1464 4831 αὑτοῖς
1487 4770 1582 4842 χώραν·
1603 4772 1649 4823 28.
1669 4770 1711 4823 καὶ
1731 4771 1777 4840 βο-
