4092 5490
266 309 325 370 258
813 328 890 379 ner.
916 312 1026 386 list-5.

264 464 352 515 crevit
370 463 443 517 lnior
457 468 509 516 nos¹
529 469 558 517 et
578 464 657 529 illos,
673 463 729 517 lide
746 464 898 530 purificans
932 460 1014 532 ,ἡμῖν’
1035 465 1062 516 9.
1083 459 1126 514 καὶ
1148 457 1218 513 otta
1246 459 1368 529 διέκρινεν
1399 460 1489 530 percio
1513 461 1587 535 ἡμῶν

263 553 472 615 cordatorum.
495 554 634 606 10.Nunc
654 566 723 619 ergo
744 554 811 618 quld
834 558 897 605 ten·
941 569 968 604 τε
999 549 1041 603 καὶ
1077 549 1169 614 αὐτῶν,
1184 557 1230 622 ,τῇ
1262 547 1343 601 πίστει
1380 547 1514 618 καθαρίσας
1542 550 1588 614 ,τὰς

262 643 328 694 tatis
343 643 433 696 Deum
452 645 595 708 imponere
616 644 712 707 iugum
733 654 817 705 super
834 655 896 692 cer·
940 638 1040 708 καρδίας
1067 637 1159 695 αὖτῶν.
1190 640 1232 692 10.
1264 640 1309 690 νῦν
1338 630 1383 690 οίν
1411 635 1437 689 τί
1459 637 1585 707 πειράζετε

260 732 336 785 vices
357 732 569 796 disupnlorum,
590 729 665 793 quod
688 741 779 792 nequo
802 734 896 793 patres
939 725 983 778 τὸν
1002 725 1076 793 θεὸν,
1098 725 1220 779 ἐπιθεῖναι
1238 725 1316 796 ζυγὸν
1336 724 1378 780 tat
1395 725 1439 780 ror
1457 724 1587 797 τράχηλον

260 824 364 882 nostrl,
390 831 482 885 neque
515 830 568 868 nos
595 820 709 880 portare
735 814 894 877 potuimus?
938 818 989 883 rur
1008 813 1139 882 μαθητῶν,
1153 811 1257 866 troia
1276 814 1301 867 ot
1319 818 1422 886 πατέρες
1438 813 1511 886 ἡμῶν
1529 811 1586 867 οὔτε

262 910 305 961 11,
323 908 379 962 sed
392 919 443 972 per
456 905 575 969 gratiam
587 898 700 954 Domini
714 900 779 952 Iesu
788 900 894 953 Christi
937 897 1010 969 ἡμεῖς
1043 898 1182 971 ἰσχύσαμεν
1211 899 1351 969 βαστάσαις
1379 906 1420 957 ίί.
1448 901 1515 955 ἀλλὰ
1545 901 1587 955 tu

258 996 397 1049 credimus
440 992 557 1052 salvari,
595 988 830 1055 quemadmodum
865 994 893 1039 et
937 990 981 1053 τῆς
1006 987 1109 1058 χάριτος
1136 991 1180 1040 τοῦ
1210 986 1300 1059 Kopion
1327 987 1411 1056 Ἰησοῦ
1438 991 1586 1064 πιστεύομεν

258 1085 308 1135 1111.
368 1136 372 1141 ,
495 1082 507 1089 ”
848 1141 852 1147 Ι
937 1075 1056 1145 σωθῆναι,
1077 1076 1135 1129 καθ’
1153 1076 1183 1129 ὃν
1201 1076 1295 1147 τρόπον
1314 1074 1437 1131 κάκεῖνοι.

295 1171 337 1222 12.
367 1169 464 1221 Tacuit
489 1172 582 1220 autem
610 1167 702 1219 omnis
726 1165 890 1227 martrinum
975 1167 1017 1219 lt.
1046 1162 1181 1236 Ἐσίγησεν
1209 1163 1237 1218 dt
1262 1166 1312 1220 πᾶν
1342 1165 1372 1218 τίν
1399 1164 1509 1232 πλῆθος,
1544 1160 1588 1218 aci
1666 1164 1671 1174 ’

209 1298 214 1308 .
256 1261 285 1311 et
302 1257 454 1310 audiebant
470 1257 627 1309 Barnabam
645 1260 674 1307 et
690 1255 807 1307 Paulum
825 1268 891 1306 nar·
936 1250 1028 1318 ἤκουον
1058 1253 1176 1324 Βαρνάὸα
1205 1254 1249 1306 aet
1279 1253 1382 1308 Παύλου
1413 1252 1585 1326 ίξηγονμίνων
1685 1332 1688 1338 ⁴

255 1351 351 1400 rantes
362 1349 468 1413 quanta
478 1346 554 1398 Deua
567 1344 680 1396 recuset
693 1345 814 1408 signeet
828 1356 891 1407 pro·
936 1342 984 1394 dea
1015 1339 1133 1408 ἐποίησεν
1164 1340 1179 1394 1
1209 1341 1272 1405 θεὸς
1302 1344 1396 1415 capric
1425 1343 1468 1397 καὶ
1494 1345 1586 1415 sipara

255 1437 333 1503 digia
346 1437 376 1487 tn
389 1435 520 1500 genubus
536 1432 658 1497 percos.
937 1429 963 1481 ἐν
982 1431 1035 1492 τοῖς
1053 1428 1135 1483 ἔθνεσι
1154 1427 1192 1481 δι’
1211 1428 1305 1484 atros.
1350 1424 1356 1430 '

265 1677 267 1682 ,
289 1640 321 1690 In
334 1651 363 1689 v.
380 1638 395 1687 1
408 1636 517 1701 excepti
530 1638 597 1686 sunt
607 1632 674 1701 (gig)
692 1630 806 1702 μεγαλοις
818 1632 868 1686 OD
888 1633 946 1684 137.
963 1636 1015 1685 sah
1029 1634 1068 1699 ph
1079 1632 1106 1684 c*
1119 1635 1203 1686 Amb.
1215 1636 1249 1686 in
1261 1648 1289 1685 ν.
1305 1637 1320 1687 5
1334 1637 1357 1688 D
1372 1634 1585 1706 παραγγειλσντες

254 1720 487 1785 curcumcisione
501 1737 558 1791 προς
570 1737 626 1782 τονς
643 1719 819 1790 τρεσὸιιτερσυς
837 1717 998 1786 εξανιστησαν
1013 1717 1132 1790 λεγοντος
1144 1738 1209 1783 τινες
1222 1739 1273 1775 απο
1286 1740 1311 1777 τ.
1327 1740 1362 1775 αι.
1376 1725 1430 1776 alm
1446 1725 1485 1790 ph
1502 1724 1581 1792 (mg).

253 1816 287 1866 ln
300 1828 327 1865 ν.
344 1813 360 1864 6
374 1813 423 1865 137
436 1813 474 1877 ph
489 1811 597 1864 addens
609 1826 646 1862 τιν
659 1806 759 1876 τληθει.
775 1812 808 1862 ln
822 1825 849 1860 ν.
864 1811 879 1861 7
893 1808 931 1861 D'
944 1825 1079 1876 «verrucas
1095 1827 1121 1861 εν
1136 1827 1259 1880 πνενμστι
1269 1809 1336 1879 (add
1347 1817 1445 1866 sancto
1458 1815 1498 1879 ph
1512 1810 1582 1882 mg),·
1660 1808 1664 1815 '
1686 1817 1689 1822 “

252 1920 277 1955 ιν
291 1917 349 1973 opu
364 1902 475 1960 alan
495 1902 606 1952 mlnusc
622 1913 670 1951 mu
689 1899 717 1950 Ir
736 1899 801 1961 Chr,
815 1901 865 1964 gig
883 1904 911 1951 ct
929 1912 993 1951 eum
1014 1899 1070 1951 diu'
1081 1901 1267 1953 haesitarent.
1289 1902 1323 1952 In
1344 1914 1372 1954 ν.
1394 1901 1426 1953 10
1444 1903 1495 1966 gig
1513 1902 1582 1967 quid

250 1993 407 2057 temptastis
420 1990 519 2042 Deum.
533 1988 566 2040 In
577 2003 606 2039 ν,
624 1988 655 2040 11
671 1988 695 2039 D
710 1988 747 2053 ph
762 1984 789 2038 (τ’
803 1985 1045 2055 σνναατατιθεμινων
1064 1985 1091 2038 δε
1108 2004 1160 2039 των
1174 1986 1346 2057 πρισβυτεριον
1359 2004 1411 2049 τοις
1424 2005 1471 2041 οπο
1487 2004 1578 2057 πιτρον

251 2096 388 2150 apitii-tvm(
402 2093 527 2147 ίῦίγησῑν.

294 2244 419 2314 Scribit
432 2241 603 2332 apostolus
626 2264 634 2310 :
661 2240 793 2309 contuli
815 2261 894 2307 cum
912 2240 984 2309 illis
1002 2242 1226 2331 evangelium
1246 2241 1341 2333 quod
1359 2242 1523 2334 praedico
1543 2243 1581 2311 iu

252 2338 431 2438 gentibus,
452 2368 602 2415 seorsum
629 2352 745 2414 autem
772 2362 835 2427 τοῖς
866 2354 996 2416 δοκοῦσιν
1024 2347 1112 2436 (Gal.
1135 2349 1227 2437 2,2);
1254 2347 1348 2416 unde
1371 2355 1580 2417 conventum

252 2455 427 2547 quendam
450 2452 615 2521 maiorem
634 2457 670 2519 et
689 2456 893 2519 conventum
913 2452 1053 2519 illorum
1072 2453 1186 2520 solum
1204 2452 1379 2541 signifieat
1401 2453 1461 2544 qui
1480 2461 1580 2523 crant

252 2574 277 2632 et
292 2571 446 2642 δοκοῦντες
461 2559 664 2627 auctoritate
681 2557 859 2646 pollentes.
876 2556 1072 2647 Eodemque
1092 2557 1196 2625 modo
1216 2564 1323 2627 Lucas
1342 2560 1446 2628 refert
1460 2583 1493 2628 ν.
1510 2567 1542 2630 1.
1558 2568 1578 2630 5

251 2668 295 2736 de
314 2669 483 2737 conventu
504 2663 653 2754 quodam
675 2663 779 2731 totius
797 2663 974 2747 ecclesiae,
991 2686 1024 2729 v.
1042 2670 1062 2730 o
1085 2662 1129 2731 de
1151 2670 1323 2734 conventu
1343 2668 1579 2758 apostolorum

250 2781 285 2842 et
305 2774 493 2854 seniorum;
517 2792 599 2838 nam
617 2792 650 2838 v.
675 2775 693 2835 1
714 2791 791 2837 cum
814 2782 930 2837 cartem
951 2771 1119 2838 venissent
1143 2770 1409 2861 lerosolymam,
1429 2774 1581 2864 srucepti

250 2893 346 2967 sunt,
369 2877 571 2966 magnifice,
594 2876 681 2962 legit
707 2875 855 2944 Cassiod·
880 2897 959 2943 cum
990 2876 1167 2966 aliquibus
1197 2875 1291 2968 (vide
1311 2878 1401 2959 ieet.
1425 2865 1514 2968 var.)
1544 2886 1578 2947 et

250 2985 396 3076 explicat
412 3005 420 3053 :
437 3004 516 3051 cum
535 3002 663 3069 magna
683 2981 929 3068 gratulatione,
946 2982 989 3048 ab
1010 2981 1155 3049 ecclesio
1174 2995 1208 3050 et
1225 2986 1269 3050 ob
1288 2983 1455 3075 apostolis
1474 2997 1508 3053 et
1524 3007 1576 3053 se-

249 3100 402 3169 nioribus
422 3097 482 3188 (rat
500 3108 558 3167 τῶν
577 3095 797 3185 apest-crapas)
818 3096 1065 3164 circinationem
1084 3110 1218 3186 plicato
1238 3101 1329 3166 Deus
1347 3098 1485 3189 [censet
1498 3121 1575 3168 carn

250 3207 341 3290 illis;
361 3207 405 3274 ci.
429 3209 540 3288 limati.
563 3203 614 3271 Uti
636 3224 676 3268 ex
697 3200 767 3268 Gal.
788 3208 844 3283 3),ss
867 3208 1027 3292 apparet,
1049 3224 1089 3269 ex
1111 3203 1277 3292 apostolis
1298 3203 1411 3273 solum
1430 3205 1576 3285 aderant

250 3311 408 3393 lacobus,
433 3310 538 3377 irater
561 3306 712 3389 Domini,
737 3306 869 3396 Kephas
897 3310 967 3375 sive
994 3314 1129 3389 Petrus,
1154 3313 1309 3379 loannes.
1334 3315 1442 3380 Lucas
1470 3312 1576 3381 relert

248 3428 369 3490 eorum
388 3416 618 3485 narrationem
637 3414 675 3481 in
700 3415 895 3482 universum
918 3437 927 3484 2
955 3420 1085 3503 quanta
1111 3437 1178 3505 ope
1199 3417 1259 3483 Dei
1284 3416 1461 3485 effecerint
1478 3417 1572 3486 inter

249 3532 384 3617 gentcs3
409 3523 530 3592 Paulus
547 3543 646 3589 suom
668 3542 774 3608 agens
796 3543 949 3606 cansam,
971 3542 1041 3587 non
1064 3522 1260 3609 generatim
1282 3529 1406 3592 cuncta
1425 3523 1570 3608 indicat,

248 3633 338 3703 scd:
364 3629 495 3699 contuli
519 3631 664 3712 ἀνεθέμην
687 3627 864 3717 proposui,
882 3627 1021 3717 exposui
1040 3627 1263 3714 evangelium
1286 3629 1383 3719 quod
1406 3630 1570 3721 praedico

249 3741 286 3809 in
311 3736 489 3827 gentibus3
515 3731 616 3824 proin
644 3732 755 3800 solum
781 3734 893 3819 tangit
921 3731 1061 3799 modum
1089 3755 1171 3801 suae
1200 3733 1486 3824 praedicationis,
1512 3737 1572 3827 qui

250 3846 341 3916 solus
363 3841 457 3933 apud
484 3839 617 3908 Galatas
643 3839 687 3905 ab
711 3837 915 3906 adversariis
939 3839 1226 3928 impugnabatur.
1248 3844 1374 3908 Verum
1396 3842 1432 3909 in
1458 3842 1573 3912 verbis

248 3953 355 4023 Lucae
364 3948 493 4041 pariter
506 3945 635 4012 includi
646 3950 680 4012 et
693 3944 864 4031 designari
880 3946 1021 4013 modum
1036 3944 1322 4034 praedicationis,
1336 3945 1360 4015 ἰ.
1377 3969 1407 4015 e.
1426 3947 1571 4016 Paulum

249 4058 438 4127 declarasse
448 4055 568 4140 gentes
579 4073 600 4118 a
613 4071 648 4117 se
660 4057 832 4141 susceptas
852 4073 922 4119 esse
936 4050 1009 4118 sinc
1025 4048 1289 4118 circumcisione
1304 4058 1339 4118 et
1351 4052 1570 4143 impositione

252 4163 338 4253 legis
355 4158 540 4239 mosaicae,
559 4161 652 4246 patet
666 4180 705 4224 cx
726 4158 950 4247 postulatione
965 4178 1071 4247 quam
1085 4157 1201 4225 statim
1221 4156 1333 4247 aliqui
1352 4179 1394 4225 ex
1412 4157 1571 4228 fidelibus

250 4272 449 4365 proponunt
463 4287 495 4332 ν.
513 4270 766 4332 5surreaeruut
783 4276 898 4332 uatem
912 4262 1057 4353 prodam
1074 4262 1116 4330 de
1133 4262 1270 4331 haeresi
1282 4263 1567 4352 pharisaeorum,

250 4379 314 4472 qui
338 4371 572 4455 crediderant,
598 4374 709 4457 αἵρεσις
739 4370 877 4460 proprie
902 4377 953 4438 est
976 4370 1064 4437 actio
1089 4391 1158 4458 qua
1182 4368 1270 4471 quid
1295 4372 1466 4462 capimus,
1488 4372 1570 4442 hinc

249 4485 340 4554 ritae
354 4480 548 4550 institutum
568 4476 662 4566 quod
678 4478 845 4566 cepimus,
864 4484 936 4544 tum
950 4482 1039 4543 secta
1059 4475 1205 4565 (Patr.);
1223 4476 1439 4563 significatur
1452 4485 1569 4548 coetus

248 4612 368 4662 eorum
386 4586 446 4679 qui
461 4584 578 4676 aliquo
597 4583 700 4651 modo
721 4583 763 4649 ab
779 4582 858 4683 aliis
870 4582 1015 4650 seiuncti
1031 4587 1142 4649 certas
1155 4588 1350 4673 sequnntur
1363 4587 1566 4667 sententias,

247 4697 396 4768 dicentes
411 4715 424 4760 .·
441 4692 527 4785 quio
544 4702 674 4782 oportet
692 4689 892 4758 circumcidi
906 4711 980 4772 eos,
997 4688 1199 4779 praecipere
1219 4712 1356 4782 qaoque
1368 4713 1506 4760 servare
1523 4688 1568 4759 le·
