4010 5474
121 312 124 316 ’
228 324 288 385 ses
729 280 841 388 sicr.
865 290 998 403 isa-ro.

229 472 449 559 allegoriam,
476 434 546 565 qua
564 476 727 545 doccatur
744 476 847 545 fidem
864 476 903 545 in
925 480 1097 549 Christum
1111 499 1217 569 quam
1236 475 1392 545 habeant
1407 478 1555 546 ludaeo-·

228 578 408 648 christiani
427 603 491 671 per
515 582 659 650 Paulum
677 582 817 649 demum
832 589 866 650 et
884 585 957 651 eius
971 585 1163 654 doctrinam
1176 584 1299 676 perfici
1312 588 1347 652 st
1358 585 1554 673 promoveri

81 778 89 786 ¹
229 685 274 753 ad
295 708 413 755 veram
435 687 540 756 fidem
559 687 772 777 spiritualem
794 693 827 753 et
854 688 899 755 ad
924 692 1272 759 communicationem
1297 690 1454 783 Spiritus.
1485 686 1553 755 Sed
1656 713 1661 721 ¹

229 793 303 884 ipse
322 793 435 867 Weiss
459 799 571 874 notat,
599 812 676 859 cum
696 789 845 858 addatur
863 800 947 878 ὡσεὶ,
969 794 1104 862 excludi
1126 816 1267 863 omnem
1290 797 1396 864 talem
1418 794 1553 863 numeri

229 899 534 988 significationem,
556 899 812 986 propterquam
828 918 1010 967 numerum
1021 921 1093 969 esse
1107 900 1293 968 confictum
1308 901 1386 990 quis
1401 901 1554 988 cogitare

230 1010 400 1197 poitspihesi
419 1068 546 1174 Paulus
559 1107 798 1198 hospitabatur
811 1109 904 1200 apud
917 1111 1079 1201 Aquilam
1094 1120 1127 1180 et
1140 1110 1331 1180 Priscillam
1352 1109 1385 1200 (1
1402 1113 1479 1177 Cor.
1499 1115 1552 1190 16,

232 1213 287 1303 19)
306 1218 341 1280 et
362 1213 460 1303 prius
479 1213 620 1304 quidem
640 1214 785 1284 docebat
806 1214 844 1282 in
863 1236 1041 1305 synagoga
1060 1217 1117 1306 (ci.
1142 1224 1258 1302 1s,19.
1281 1217 1339 1307 20)
1356 1239 1389 1285 v.
1408 1214 1556 1283 itinero·

229 1340 368 1409 pressus
389 1332 506 1388 cutem
530 1342 749 1411 squopom
771 1342 850 1388 eum
870 1319 1003 1411 fiducie
1026 1322 1232 1414 loquebatur
1243 1345 1311 1414 per
1335 1336 1403 1391 tres
1424 1342 1557 1390 menses

109 1476 113 1484 .
231 1424 416 1516 disputans
440 1433 653 1517 διαλεγόμενος
676 1431 755 1512 tm
775 1439 808 1495 et
827 1425 976 1496 suadeas
995 1427 1039 1496 de
1055 1439 1163 1518 reque
1181 1430 1256 1510 Dei,
1278 1428 1323 1496 de
1339 1450 1449 1516 regno
1468 1449 1556 1495 mes-

230 1532 343 1616 siano,
369 1541 477 1602 πείθων
504 1562 520 1595 s
544 1552 703 1622 praesens
720 1536 772 1601 est
793 1532 950 1617 saedere,
970 1556 1041 1602 non
1049 1533 1262 1625 persuadere
1277 1561 1293 1595 »
1311 1532 1414 1623 (Bl.);
1431 1533 1556 1601 aliita-

231 1660 318 1706 men.
335 1636 379 1705 de
402 1638 523 1706 effectu
543 1639 789 1729 persuasionis,
817 1639 876 1708 alii
902 1639 944 1708 de
960 1639 1074 1709 studio
1094 1646 1130 1708 et
1151 1644 1278 1709 conatu
1294 1638 1460 1731 loquendi
1475 1661 1556 1707 cum

231 1743 328 1810 omni
349 1743 568 1834 persuasione
591 1744 776 1836 accipiunt3
802 1745 846 1814 ei.
873 1751 1136 1831 13,te;1t,1s;
1172 1752 1264 1831 18,s.
1293 1750 1416 1813 Veram
1437 1745 1555 1835 itaque

231 1848 383 1917 indolem
403 1850 506 1937 regni
520 1850 680 1947 messiani
694 1840 903 1943 exponebat,
925 1852 1068 1921 ludaeos
1086 1853 1264 1921 retrahere
1278 1849 1420 1919 studens
1433 1873 1558 1919 avana

14 1954 36 2041 J
89 1970 92 1973 ’
231 1956 484 2044 exspectatione
510 1956 639 2044 gloriae
663 1979 705 2024 ac
728 1956 968 2027 dominationis
990 1958 1161 2057 iudaicae.
1191 1962 1330 2026 Verum·
1346 1956 1437 2025 hanc
1459 1977 1557 2047 spem

232 2060 398 2129 altissime
423 2061 548 2130 animis
566 2061 765 2153 impressam
779 2063 845 2132 sibi
864 2065 952 2156 eripi
966 2065 1160 2153 aegerrime
1173 2063 1285 2154 aliqui
1300 2063 1456 2131 tulerunt
1469 2085 1503 2130 v.
1521 2069 1555 2144 9,

232 2188 312 2234 cum
330 2179 448 2236 eutem
470 2167 613 2260 quidum
634 2167 883 2244 indurarentur
902 2182 935 2239 et
953 2192 1023 2239 non
1043 2170 1236 2256 crederent,
1256 2191 1340 2237 crux
1356 2169 1558 2237 scandalum

231 2272 366 2342 ludaeis
382 2274 451 2342 illis
470 2279 545 2342 erat
558 2274 702 2343 vanitati
715 2275 883 2364 nationali
898 2275 1033 2362 deditis,
1048 2275 1297 2346 maledicentes
1312 2276 1405 2343 viam
1420 2275 1559 2342 Domini

234 2400 351 2447 eoram
372 2378 599 2449 multitudine
619 2381 692 2450 scil.
716 2382 892 2471 gentium,
910 2388 949 2451 ut
967 2405 1009 2452 eo
1027 2383 1131 2453 modo
1151 2380 1446 2474 praedicationem
1460 2379 1557 2448 Pauli

233 2484 445 2575 impedirent
463 2485 559 2578 apud
578 2492 722 2556 Graecos
739 2491 769 2577 (1
783 2489 897 2558 Thess.
918 2489 1027 2578 ais),
1046 2486 1226 2558 discedens
1244 2489 1287 2555 ab
1302 2486 1353 2555 eis
1364 2484 1558 2577 seqrepovit

235 2590 422 2684 discipulos
443 2615 465 2660 a
485 2614 679 2682 synagoga,
704 2615 750 2663 ne
769 2595 840 2663 iam
855 2615 1070 2684 synagogam
1086 2595 1367 2684 frequentarent3
1389 2596 1433 2661 cl.
1458 2598 1555 2676 18,·1;

236 2719 344 2788 quare
365 2698 474 2765 alium
497 2698 565 2766 sibi
588 2699 709 2787 selegit
728 2700 842 2769 locum
869 2699 915 2768 ad
939 2699 1135 2769 docendum
1163 2721 1172 2769 :
1198 2696 1356 2791 quotidie
1375 2697 1558 2789 disputans

119 2880 126 2891 Ι
237 2804 273 2871 ia
291 2802 408 2871 schola
428 2803 582 2895 Tyranni
595 2803 774 2873 cuiusdam
779 2856 791 2891 ,
808 2811 989 2895 Tyrannus
1001 2827 1130 2875 nomeu
1143 2812 1194 2874 est
1205 2806 1388 2896 proprium
1406 2804 1557 2893 (theob.

237 2910 350 2999 t‚t0);
377 2932 467 2977 unus
490 2932 531 2980 ex
551 2910 755 2980 sateltitibus
778 2911 920 2984 Herodis
942 2935 984 2981 eo
1003 2911 1146 2982 nomine
1162 2909 1355 2980 vocabatur
1371 2909 1556 3000 (Iosephus,

236 3015 353 3106 Antiq.
383 3015 548 3107 1o,10,s),
569 3017 671 3086 etiam
690 3017 784 3109 apud
802 3018 966 3087 rabbinos
983 3033 1091 3087 statio
1114 3018 1286 3110 reperitur
1311 3016 1371 3108 (ci.
1392 3017 1557 3104 Buators,

236 3128 312 3190 Lex.
340 3121 437 3190 talm.
467 3145 496 3191 c.
526 3122 618 3213 sto),
651 3123 774 3193 Suidas
801 3124 991 3216 sophistam
1019 3125 1092 3193 eius
1116 3123 1268 3193 nominis
1297 3129 1558 3191 commemorat.

238 3228 352 3295 Fuerit
376 3226 435 3295 ille
459 3232 637 3319 tyrannus
658 3229 776 3299 rhetor
796 3230 850 3298 vel
872 3229 1120 3321 philosophus,
1140 3228 1201 3320 qui
1214 3228 1372 3296 scholam
1388 3250 1486 3297 suam
1500 3249 1560 3294 seu

129 3360 139 3376 ·
238 3332 469 3416 auditorium,
492 3334 555 3402 ubi
580 3335 740 3420 docebat,
766 3357 831 3427 pro
851 3336 951 3405 certis
969 3334 1064 3403 horis
1083 3336 1191 3404 Paulo
1207 3333 1383 3425 permisit;
1403 3334 1439 3401 in
1452 3334 1562 3402 altera

238 3437 387 3509 lectione
405 3440 554 3509 habetur
566 3440 709 3510 Paulum
725 3440 877 3511 docuisse
895 3441 942 3510 ab
958 3442 1044 3510 hora
1061 3440 1184 3532 quinta
1202 3463 1311 3530 usque
1330 3440 1376 3507 ad
1391 3440 1560 3507 decimam

240 3546 299 3636 (ob
320 3546 410 3615 hora
433 3554 471 3615 11
495 3546 541 3616 ad
564 3555 584 3617 t
603 3546 903 3639 pomeridianam).
924 3547 992 3616 Alii
1006 3551 1131 3639 putant
1150 3551 1349 3636 'tyrannum
1365 3546 1467 3613 tuisse
1483 3544 1562 3613 doc·

240 3658 350 3721 torem
369 3653 534 3722 iudaeum
549 3654 610 3744 qui
623 3652 785 3723 habuerit
799 3654 893 3746 quod
907 3661 1032 3722 vocant
1043 3653 1129 3721 seth
1145 3652 1338 3729 midrasch,
1355 3650 1511 3718 scholam
1525 3650 1561 3716 in

240 3781 311 3849 qua
328 3757 447 3827 doceri
464 3758 622 3828 solebant
639 3759 839 3829 traditiones
857 3764 891 3828 et
909 3780 1028 3828 earum
1042 3759 1279 3849 expositiones.
1297 3755 1361 3824 Sed
1378 3778 1457 3825 cum
1477 3761 1562 3824 Pao-

240 3864 295 3933 lus
321 3869 521 3952 segregaret
542 3885 622 3934 suos
640 3864 759 3935 tidelss
780 3865 972 3950 aludaeis,
993 3869 1128 3934 nonest
1142 3863 1325 3956 probabile
1341 3864 1456 3953 ipsum
1472 3884 1562 3930 nunc

240 3969 396 4039 docuisse
409 3968 447 4038 in
465 3969 585 4039 schola
596 3970 730 4062 privata
743 3971 889 4041 alicuius
902 3970 1018 4041 rabbi.

285 4074 418 4145 Ostium
441 4076 530 4143 mihi
547 4083 705 4166 apertum
727 4084 778 4147 est
801 4068 966 4167 magnum
986 4082 1021 4146 et
1033 4077 1175 4146 evidens
1188 4082 1222 4145 et
1235 4076 1426 4144 adversarii
1444 4074 1562 4154 multi3

239 4184 288 4251 ita
315 4180 436 4251 scribit
462 4180 536 4272 ipss
558 4179 603 4250 de
628 4204 691 4251 sua
710 4184 833 4275 Ephesi
850 4183 1122 4253 commoratione
1149 4183 1183 4273 (1
1200 4185 1278 4249 Cor.
1301 4182 1409 4270 16,9).
1430 4178 1493 4246 [liu
1514 4178 1565 4246 ibi

241 4289 376 4373 docuit,
398 4287 529 4356 diutius
547 4309 652 4381 mam
666 4287 799 4358 abbir.
819 4295 860 4358 10
878 4288 940 4360 icoc
953 4304 1069 4360 eutem
1081 4289 1215 4378 suetum
1230 4301 1282 4356 est
1292 4308 1356 4377 per
1373 4286 1562 4369 bicam'um,

207 4417 213 4429 ·
242 4395 295 4465 ito
309 4409 349 4464 ut
366 4418 484 4464 cesaries
499 4393 563 4487 qui
576 4392 775 4464 dubitabam
789 4395 828 4463 in
838 4395 922 4465 Asia
936 4396 1101 4466 audirent
1112 4391 1425 4478 verbum'Domiai,
1442 4391 1566 4460 iudaei

241 4513 348 4593 utque
367 4503 529 4593 pentiles,
551 4502 723 4589 Ἕλληνες.
742 4506 826 4570 Nam
842 4501 993 4593 Ephesus
1012 4502 1096 4571 urbs
1112 4501 1159 4569 ob
1173 4501 1259 4569 situs
1271 4498 1563 4591 opportunitatem

243 4614 395 4698 augetur
410 4609 568 4700 quotidie
583 4613 701 4699 estque
719 4608 910 4699 emporium
921 4608 1019 4678 Asiae
1037 4609 1158 4677 eorum
1173 4628 1262 4697 quae
1276 4610 1356 4674 sunt
1369 4605 1462 4672 intra
1476 4609 1565 4672 Tau·

243 4737 322 4784 rum
342 4716 530 4786 maximum
551 4717 685 4808 (Strabo
714 4718 868 4800 is,1,et;
892 4714 939 4784 al.
963 4719 1026 4783 stt
1049 4713 1095 4783 al.
1119 4713 1212 4797 950).
1229 4717 1309 4780 Erat
1325 4711 1376 4780 ibi
1394 4711 1563 4801 templum
