4092 5490
1053 429 1118 472 rer.
1146 410 1302 484 rosano.
1534 480 1537 487 ,
1675 366 1678 371 ’
1777 412 1832 474 ror

556 566 648 651 Lege
669 564 811 655 quidem
825 585 897 630 non
919 568 992 629 erat
1009 565 1174 628 statutum
1195 582 1331 629 accessu
1351 559 1394 627 ad
1417 558 1648 647 alienigenam
1667 563 1837 631 contami-

513 668 591 738 nari
604 670 782 740 Iudaeum.
798 673 840 735 At
857 689 897 734 ea
913 666 1198 757 proponebantur
1211 689 1252 735 ex
1267 666 1393 757 quibus
1407 664 1575 735 eiusmodi
1589 669 1836 737 contaminatio

514 776 614 845 facile
638 773 790 842 derivari
813 778 962 863 poterat,
984 773 1055 840 imo
1077 773 1215 863 saepius
1236 773 1395 842 debebat.
1409 777 1499 841 Cum
1523 771 1614 840 enim
1639 772 1837 860 alienigena

513 886 698 973 praecepta
727 879 788 946 illa
819 873 1001 947 munditiei
1031 902 1102 947 non
1132 879 1346 963 observaret,
1375 902 1500 969 perse
1528 878 1598 946 iam
1627 885 1701 946 erat
1730 901 1836 969 quam

513 986 662 1054 maxime
684 985 894 1054 immundus.
918 991 1098 1054 Praeterea
1119 991 1218 1053 erant
1239 1008 1328 1076 quae
1353 990 1484 1053 attactu
1507 985 1765 1053 immunditiem
1792 984 1837 1053 ad

513 1091 598 1160 alios
609 1093 864 1162 transferebant
878 1094 934 1181 (cf.
951 1097 1029 1160 Lev.
1050 1097 1129 1173 153
1146 1113 1218 1183 seq.
1236 1099 1277 1160 19
1292 1114 1364 1182 seq.
1380 1095 1469 1180 Agg.
1485 1090 1578 1182 213)
1594 1096 1628 1158 et
1639 1092 1834 1178 generatim

512 1204 605 1268 terra
628 1200 901 1287 alienigenarum
923 1203 997 1266 erat
1015 1196 1197 1265 immunda
1222 1199 1311 1287 (Am.
1337 1198 1450 1287 7,17);
1480 1195 1615 1291 sivero
1638 1202 1749 1283 terra,
1774 1219 1838 1265 cur

512 1329 583 1374 non
597 1306 701 1375 etiam
717 1305 839 1373 domus
851 1308 992 1372 eorum?
1004 1310 1114 1394 Atque
1128 1325 1250 1372 revera
1268 1303 1414 1391 legimus
1434 1324 1442 1371 :
1459 1302 1526 1393 ipsi
1540 1325 1611 1371 non
1625 1305 1845 1373 introierunt¹

510 1412 549 1481 in
570 1412 799 1504 praetorium,
817 1417 852 1477 ut
876 1433 946 1478 non
965 1411 1285 1479 contaminarentur
1306 1408 1553 1501 (loan..18,28;
1580 1410 1624 1509 cl.
1646 1415 1717 1493 t‚9.
1733 1414 1833 1478 llarc.

512 1525 570 1601 w
586 1518 667 1606 etc.)
683 1522 718 1585 et
730 1516 891 1607 Iosephus
909 1538 1048 1608 quoque
1067 1518 1117 1585 ait
1132 1520 1308 1585 extraneos
1325 1516 1362 1583 in
1380 1515 1661 1584 consuetudinem
1679 1537 1752 1584 non
1772 1517 1835 1584 ad-

513 1624 602 1691 mitti
629 1626 853 1712 (ἁναμίγνυσθαι
877 1640 943 1704 ταῖς
972 1632 1137 1708 συνηθείαις
1164 1628 1218 1692 οὐκ
1243 1629 1388 1709 ἠθέλησεν
1417 1632 1432 1692 ὁ
1458 1631 1638 1708 νομοθέτης,
1662 1645 1693 1690 c.
1717 1627 1782 1714 Ap.
1807 1628 1835 1691 ll

512 1753 546 1798 n.
571 1729 628 1821 28)
653 1737 686 1798 et
711 1730 847 1797 Tacitus
870 1730 913 1798 de
937 1728 1073 1798 ludaeis
1096 1729 1215 1797 scribit
1243 1750 1252 1796 t
1275 1729 1437 1798 adversus
1459 1750 1577 1797 omnes
1598 1727 1687 1797 alios
1707 1728 1834 1796 hostile

511 1836 647 1922 odium,
672 1836 822 1927 separati
847 1835 974 1926 epulis,
1000 1835 1137 1904 discreti
1161 1835 1332 1904 cubilibus
1355 1834 1453 1926 (llist.
1474 1835 1543 1920 5,5)
1569 1840 1603 1903 et
1624 1835 1663 1903 in
1685 1841 1836 1905 tractatu

511 1944 699 2011 mischnico
717 1942 947 2010 habitationes
965 1944 1122 2030 gentium
1142 1941 1305 2010 dicuntur
1322 1941 1523 2010 immundae
1539 1957 1654 2007 uranu
1671 1940 1833 2031 (Ohaloth

374 2132 379 2139 ,
512 2055 608 2132 18,’1;
633 2048 865 2116 Sureubccsr’us
888 2053 928 2115 Vl
951 2072 987 2139 p.
1009 2048 1103 2139 210).
1120 2048 1217 2117 Unde
1235 2053 1301 2127 est,
1318 2070 1380 2116 cur
1404 2053 1522 2116 Petrus
1539 2068 1713 2117 accessum
1732 2069 1836 2115 suum

510 2161 544 2223 et
562 2154 666 2245 apud.
678 2154 893 2243 alienigenas
913 2161 945 2222 et
964 2154 1059 2245 apud
1077 2177 1154 2223 suos
1171 2158 1305 2222 excuset
1317 2177 1350 2221 v.
1365 2160 1408 2222 28
1423 2152 1580 2245 dicitque
1594 2152 1643 2221 ad
1654 2152 1735 2220 illos
1750 2175 1764 2220 .·
1778 2176 1837 2222 vos

509 2260 604 2331 scitis
626 2260 1056 2352 quomodootominatum
1076 2261 1122 2329 sit
1145 2262 1219 2329 viro
1243 2258 1370 2328 Iudaeo
1393 2263 1529 2346 ἀθέμιτον
1553 2259 1733 2344 illicitum,
1755 2260 1835 2348 lege

509 2368 749 2450 interdictum,
772 2367 940 2458 couiunqi
961 2380 1024 2435 eut
1044 2366 1205 2436 accedere
1225 2361 1274 2435 a'd
1295 2365 1529 2457 alienigenam
1558 2372 1592 2434 et
1613 2366 1739 2435 itinere
1760 2366 1836 2434 lon·

509 2475 606 2563 giore
631 2476 721 2542 facto
743 2497 811 2542 non
834 2475 944 2542 solum
959 2475 1140 2562 agebatur
1161 2473 1204 2542 de
1227 2472 1382 2569 ingressu
1405 2476 1442 2541 in
1462 2473 1621 2556 domum,
1642 2473 1704 2542 sed
1727 2472 1834 2542 etiam

510 2580 602 2672 quod
631 2582 772 2649 maioris
799 2604 937 2672 quoque
969 2581 1271 2649 contaminationis
1299 2585 1388 2663 erat,
1411 2578 1455 2647 de
1483 2578 1644 2647 societate
1673 2601 1830 2664 mensae;

506 2686 571 2767 sed
589 2686 677 2754 milri
700 2687 951 2755 ostendamus
971 2687 1143 2755 neneinem
1165 2709 1378 2754 communem
1398 2697 1456 2753 aret
1478 2685 1694 2754 immundum
1718 2685 1833 2754 dicere

507 2792 679 2862 horninem
687 2847 698 2880 ‚
715 2794 818 2884 proin
831 2795 903 2883 ipse
918 2795 1081 2883 explanat
1094 2815 1164 2883 quo
1177 2791 1379 2884 spectaverit
1395 2791 1480 2859 visio
1497 2791 1564 2860 sibi
1580 2791 1699 2860 oblata
1723 2792 1830 2884 (θαὶ.)

509 2906 542 2968 et
556 2901 623 2968 hoc
639 2901 736 2969 effert
750 2900 854 2968 etiarn
876 2900 921 2967 ad
936 2899 1075 2968 comites
1088 2921 1169 2968 suos
1186 2921 1322 2970 securos
1336 2894 1545 2983 reddendos3
1566 2899 1670 2967 amul
1692 2922 1832 2990 quoque
1924 2959 1927 2964 .

508 3007 654 3088 indicat,
671 3027 707 3073 se
728 3006 801 3073 siue
819 3007 884 3074 isto
909 3006 1026 3075 divino
1047 3006 1212 3074 mandato
1233 3027 1304 3073 non
1322 3011 1505 3074 venturum
1527 3005 1632 3074 luisse
1656 3006 1831 3096 (irenaeus

508 3112 602 3201 cat),
618 3134 689 3179 non
710 3112 879 3201 quianon
902 3112 1105 3201 dignaretur
1119 3111 1280 3181 accedere
1299 3110 1344 3199 ad
1362 3112 1532 3197 alienum,
1553 3110 1614 3180 sed
1632 3110 1717 3202 quia
1736 3135 1833 3181 more

508 3218 659 3287 nationis
671 3226 757 3285 essct
775 3218 989 3308 prohibitum
1007 3218 1129 3309 (cea).

552 3330 598 3392 Nc
618 3324 726 3411 igitur
746 3331 908 3415 putarent
931 3325 993 3392 etsi
1017 3348 1070 3393 res
1093 3324 1217 3393 illicita
1238 3331 1338 3407 esset,
1358 3347 1394 3393 se
1414 3330 1531 3415 utpote
1552 3325 1702 3415 principi
1721 3347 1761 3392 ea
1786 3325 1830 3394 de

508 3453 609 3500 causa
628 3430 898 3521 obtemperasse,
915 3431 974 3499 sed
990 3437 1028 3498 ut
1048 3430 1152 3499 ambo
1172 3437 1284 3499 totum
1297 3436 1365 3500 Deo
1379 3432 1589 3521 imputarent
1608 3430 1720 3521 (Chr.)
1744 3429 1830 3499 dixit

507 3560 541 3607 v,
556 3544 598 3605 29
608 3549 751 3628 propter
765 3537 859 3627 quod
878 3540 954 3605 sine
973 3537 1190 3606 dubitatione
1211 3538 1290 3606 veni
1307 3537 1490 3605 accersitus
1506 3541 1729 3627 ἁναντιρρήτως
1753 3539 1829 3607 sine

507 3643 793 3727 contradictione,
816 3644 904 3711 nihil
926 3644 1001 3712 scil.
1021 3666 1199 3734 opponens
1217 3644 1456 3726 excusationis,
1477 3643 1567 3711 nihil
1588 3650 1709 3712 contra
1729 3644 1830 3712 oblo-

507 3758 620 3833 cutus3
645 3750 820 3818 indicatur
838 3751 951 3841 ipsum
972 3755 1078 3819 Deum
1103 3749 1300 3819 Christianis
1321 3750 1408 3818 vitae
1426 3750 1624 3818 societatem
1643 3772 1722 3818 cum
1744 3751 1829 3819 alie·

506 3859 642 3944 nigenis
657 3857 850 3946 permisisse
865 3856 1081 3948 (Arrrrnonius
1095 3857 1199 3948 cat.);
1216 3858 1385 3948 interrogo
1397 3878 1490 3946 erpo,
1506 3878 1612 3947 quam
1628 3859 1667 3923 ob
1684 3879 1827 3925 causam

505 3962 698 4031 accersistis
721 3967 797 4030 rae?
822 3963 953 4031 audivit
975 3986 1114 4032 eausam
1136 3987 1155 4031 e
1183 3963 1379 4032 narratione
1403 3960 1551 4030 militum
1573 3985 1607 4031 v.
1627 3969 1688 4047 223
1718 3963 1830 4053 voluit

505 4075 622 4138 tamen
636 4069 791 4137 consulto
807 4093 827 4136 a
842 4070 995 4137 Cornelio
1010 4091 1151 4138 causam
1166 4091 1280 4138 coram
1294 4068 1453 4137 omnibus
1467 4067 1695 4158 explicarint
1710 4091 1831 4138 omnes

505 4177 567 4268 qui
602 4175 746 4244 aderant
777 4182 810 4243 et
845 4176 1047 4265 praesertim
1075 4175 1193 4244 ludaei
1223 4174 1458 4264 intelligerent
1485 4179 1519 4242 et
1549 4174 1714 4263 pietatem
1750 4181 1830 4245 Cor-

505 4282 588 4351 nelii
608 4290 640 4350 et
655 4281 772 4369 angeli
790 4282 1044 4373 apparitionem
1062 4281 1348 4373 mandatumque,
1366 4287 1469 4372 atque
1483 4279 1534 4348 ita
1549 4280 1668 4350 divino
1684 4283 1829 4351 consilio

506 4388 719 4458 vocationem
747 4389 902 4478 gentium
929 4388 1007 4476 geri
1026 4394 1274 4476 cognoscerent
1297 4387 1453 4480 (sacer
1475 4409 1508 4455 v.
1526 4395 1568 4455 30
1586 4400 1620 4455 et
1646 4387 1828 4457 Comaelius

505 4496 557 4564 ait
570 4517 584 4562 :
599 4518 621 4562 a
639 4495 898 4587 necdircsqrcurta
914 4492 970 4562 die
986 4517 1094 4586 usque
1107 4494 1156 4563 acl
1167 4495 1256 4562 banc
1274 4494 1392 4563 loram
1407 4516 1508 4563 orons
1524 4493 1718 4562 crambem
1736 4516 1831 4563 nona

506 4601 544 4670 in
558 4600 658 4670 domo
678 4625 756 4670 neec
787 4633 802 4665 «
824 4609 987 4692 quartum
1009 4600 1102 4669 diem
1121 4601 1328 4671 determinat
1341 4600 1587 4677 retrocedendo
1607 4601 1830 4691 supputando

505 4730 612 4799 usque
627 4709 671 4777 ad
685 4711 776 4778 hanc
788 4710 928 4790 horam3
945 4710 1087 4778 fortasse
1101 4708 1236 4778 illamet
1249 4710 1337 4779 hora
1348 4713 1420 4777 erat
1434 4710 1522 4778 hora
1530 4728 1635 4791 nona,
1653 4707 1720 4775 hoc
1734 4708 1827 4778 euim

505 4815 643 4885 videtur
662 4816 857 4905 significare
880 4845 896 4879 »
922 4816 1048 4908 (Gai.);
1065 4820 1262 4888 Caesaream
1277 4818 1432 4907 pervenit
1448 4820 1565 4883 Petrus
1579 4813 1702 4884 eadem
1716 4815 1825 4887 ferme
