4128 5442
968 328 1006 372 ns
1028 326 1163 371 narinus
1186 325 1348 372 rsuronrs.
1781 309 1819 370 lt

492 464 575 533 dicit
589 487 624 532 se
637 484 730 532 anno
752 459 893 550 imperii
907 457 1093 526 Domitiani
1105 459 1257 527 Caesaris
1276 458 1376 526 tertio
1395 457 1528 525 decimo
1551 458 1589 545 (i.
1610 481 1641 525 e.
1664 481 1757 528 anno
1776 464 1819 528 9t

347 583 352 592 '
490 595 526 662 p.
548 569 626 661 Ch.)
640 586 747 655 agere
765 564 889 634 aetatis
903 586 985 632 suae
1000 587 1131 633 annum
1146 573 1201 635 56.
1222 571 1288 634 lter
1306 585 1391 653 ergo
1414 562 1500 631 illud
1519 584 1702 631 romanum
1723 565 1819 633 insti·

490 678 557 746 tuit
577 676 632 763 (38
653 690 695 746 -ι-
710 671 768 762 26)
783 693 875 739 anno
890 676 933 739 sl
948 694 983 763 p.
1002 671 1062 741 Clr.
1080 674 1182 764 Atqui
1203 671 1404 740 incredibile
1422 675 1474 739 est
1488 692 1567 738 eum
1588 677 1663 738 tum
1678 668 1820 738 demum

491 781 534 849 de
545 779 616 847 illis
628 778 788 846 iuvandis
806 778 992 866 cogitasse,
1019 801 1098 846 cum
1115 778 1184 846 iam
1210 801 1273 869 per
1292 779 1370 868 plus
1388 783 1464 845 octo
1482 799 1591 845 annos
1608 781 1737 844 Romae
1760 775 1821 844 de·

490 888 696 954 tinerentur.
714 891 805 974 Ergo
821 907 863 952 ea
882 884 948 952 hac
964 907 1104 975 quoque
1123 885 1320 952 narratione
1330 883 1404 950 fieri
1421 883 1602 973 aequitat
1619 887 1735 951 Festus
1745 882 1821 950 iam

490 1013 581 1059 anno
597 1000 639 1061 55
656 992 713 1059 vel
728 998 770 1060 56
786 991 833 1058 sit
844 994 1015 1058 avocatus.

535 1098 629 1167 Idem
645 1096 826 1185 colligitur
838 1118 881 1164 ex
895 1095 965 1164 alia
980 1096 1191 1164 narratione.
1210 1097 1324 1165 Refert
1337 1094 1499 1185 Iosephus
1516 1094 1644 1186 (Antiq.
1664 1095 1820 1185 20,8,10)

490 1210 627 1273 Festum
641 1224 721 1271 cum
731 1203 769 1270 in
779 1201 943 1271 Iudaeam
954 1201 1150 1272 advenisset
1161 1201 1277 1293 copias
1290 1201 1420 1269 misisse
1432 1208 1552 1269 contra
1566 1201 1724 1283 sicarios;
1737 1200 1819 1269 dein

489 1310 605 1379 statim
621 1308 739 1377 subdit
758 1310 1014 1392 narrationem,
1035 1332 1098 1378 cur
1124 1331 1282 1400 proceres
1307 1307 1508 1376 ludaeorum
1529 1307 1662 1396 legatos
1685 1308 1731 1379 ad
1753 1314 1819 1376 Ne·

490 1437 611 1484 ronem
636 1414 810 1499 miserint,
832 1415 960 1506 quibus
973 1419 1062 1483 Nero
1081 1415 1296 1503 gratificatus
1311 1433 1342 1505 tp
1363 1420 1479 1503 γυναικὶ
1493 1417 1639 1508 Ποππηίᾳ
1654 1421 1820 1504 χαριζὸμε·

490 1551 541 1604 νος
556 1522 666 1613 petita
679 1523 859 1590 concessit.
872 1525 965 1589 Hanc
980 1522 1212 1589 narrationem
1222 1520 1344 1612 incipit
1352 1520 1503 1588 scribens
1517 1524 1593 1591 κατὰ
1607 1529 1638 1591 δὲ
1653 1533 1703 1592 τὸν
1716 1532 1819 1609 surpta

489 1645 609 1714 reatem
624 1651 702 1697 cam
720 1627 831 1716 igitur
848 1626 1084 1717 aliquomodo
1102 1650 1181 1695 cum
1199 1627 1350 1696 adventu
1362 1626 1448 1695 Festi
1460 1628 1641 1695 connectit.
1660 1632 1821 1718 Poppaea

490 1740 605 1805 autem
618 1756 706 1802 uxor
723 1733 868 1802 Neronis
891 1734 983 1802 facta
1004 1740 1054 1802 est
1072 1742 1164 1801 anno
1178 1739 1239 1816 623
1256 1735 1316 1803 sed
1329 1733 1392 1802 etsi
1413 1734 1574 1824 Iosephus
1594 1755 1672 1802 eam
1692 1733 1742 1802 ita
1759 1755 1820 1801 vo·

489 1847 598 1910 cassat
611 1863 675 1932 per
689 1839 994 1932 anticipationem,
1011 1847 1129 1908 tamen
1147 1839 1385 1927 designaretur
1398 1844 1533 1931 tempus
1551 1862 1622 1931 quo
1637 1840 1710 1908 iam
1725 1839 1819 1930 apud

489 1952 660 2016 Neronem
672 1947 822 2015 multum
841 1946 997 2032 valebat,
1014 1967 1098 2034 ergo
1118 1953 1252 2037 tempus
1260 1950 1341 2037 post
1355 1966 1485 2015 annum
1497 1950 1553 2014 58.
1568 1945 1665 2025 Quod
1683 1952 1820 2037 tempus

490 2055 593 2123 etiam
614 2054 758 2122 omnino
772 2052 936 2141 exigitur,
951 2053 1034 2144 quia
1048 2053 1164 2120 llelcia
1178 2059 1212 2121 et
1227 2053 1367 2121 lsmaele
1381 2050 1540 2120 obsidum
1560 2051 1635 2121 loco
1649 2075 1670 2121 a
1685 2058 1819 2122 Nerone

490 2161 630 2229 retentis
643 2162 799 2253 Agrippa
807 2159 1048 2251 pontificatum
1061 2158 1337 2250 detulitlosepho
1352 2157 1451 2240 Cabi3
1466 2158 1527 2227 sed
1539 2157 1597 2227 hic
1608 2159 1677 2228 hoc
1692 2181 1820 2227 munus

489 2265 596 2355 gessit
619 2271 725 2334 61-62
748 2272 782 2334 ct
807 2266 973 2357 Iosephus
993 2267 1109 2356 pergit
1136 2286 1144 2334 ε
1171 2270 1292 2333 Caesam
1316 2270 1433 2333 autem
1453 2264 1571 2334 audita
1595 2265 1684 2334 Festi
1708 2272 1819 2334 morte

400 2370 404 2376 ’
487 2371 651 2442 Albinum
669 2374 707 2442 in
726 2371 891 2441 Iudaeam
918 2371 1010 2440 misit
1028 2371 1234 2462 praesidem.
1256 2371 1399 2440 Albinus
1421 2376 1538 2440 autem
1561 2378 1693 2441 aestate
1717 2378 1761 2440 62
1781 2373 1818 2440 in

490 2478 716 2548 Palaestinam
742 2479 895 2548 advenit.
913 2483 1050 2547 Festum
1078 2500 1160 2546 vero
1186 2477 1281 2547 haud
1304 2478 1363 2546 diu
1397 2498 1538 2547 munere
1561 2479 1718 2548 sunctum
1744 2500 1817 2547 esse
1943 2500 1947 2506 ·

490 2586 594 2653 etiam
623 2608 664 2654 ex
697 2586 816 2676 paucis
854 2585 924 2653 illis
965 2584 1139 2672 colligitur
1176 2607 1264 2675 quae
1304 2584 1347 2653 de
1380 2607 1420 2653 eo
1457 2584 1655 2654 referuntur
1683 2585 1815 2676 (antiq.

489 2698 544 2773 20,
585 2696 698 2759 9-11.

475 2800 498 2855 s
533 2690 716 2865 Csrintemiit
728 2798 870 2890 quidem
885 2797 1023 2865 lr'elluer
1037 2820 1077 2864 cx
1090 2797 1166 2885 lege
1182 2820 1222 2865 ac
1239 2795 1483 2865 consuetudine
1498 2818 1640 2865 romana
1656 2795 1818 2866 defuncto

487 2902 649 2983 Claudio,
666 2926 686 2971 a
701 2925 770 2993 quo
779 2903 872 2971 Felix
888 2904 1009 2971 missus
1028 2912 1103 2972 erat
1114 2907 1328 2993 procurator,
1344 2902 1448 2970 etiam
1471 2924 1597 2971 munus
1613 2908 1647 2970 et
1665 2902 1817 2972 auctori-

486 3014 592 3079 tatem
611 3008 732 3078 Felicis
757 3011 957 3100 exspirasse.
982 3009 1156 3100 Quidquid
1179 3015 1229 3077 est
1252 3009 1296 3077 de
1322 3008 1386 3076 tali
1403 3030 1526 3077 norma
1545 3009 1719 3098 generali,
1741 3032 1817 3078 eam
1940 3080 1946 3091 ,

487 3124 605 3185 tamen
618 3114 664 3184 ad
678 3116 824 3184 Felicem
845 3138 940 3207 posse
955 3117 1121 3207 applicari
1141 3116 1340 3203 negandum
1355 3121 1416 3184 est.
1432 3119 1515 3183 Nam
1528 3115 1689 3207 Iosephus
1708 3114 1818 3207 capli-

487 3223 551 3291 cite
566 3221 672 3291 dicit:
690 3225 801 3310 Νέρων
872 3227 914 3303 εἰς
936 3230 1036 3307 δὲτὴν
1060 3230 1167 3306 iterata
1190 3224 1334 3291 ’lassatas
1355 3226 1675 3307 Φήλικακατέστησεν
1697 3231 1816 3314 trispe-

487 3358 542 3398 πεν
565 3327 662 3418 (Bell.
685 3328 757 3396 iud.
779 3330 911 3417 2132)
937 3336 971 3395 ot
996 3330 1081 3397 hacc
1099 3327 1221 3395 scribit
1248 3336 1430 3419 postquam
1451 3329 1570 3419 paucis
1590 3327 1692 3397 lineis
1714 3336 1819 3399 antea

488 3435 620 3503 dixerat
635 3434 777 3503 Felicem
793 3457 815 3501 a
839 3434 982 3502 Claudio
998 3458 1068 3503 esse
1088 3434 1227 3502 missum
1242 3439 1500 3525 procuratorem
1523 3434 1561 3525 (l.
1582 3457 1613 3504 c.
1630 3437 1762 3526 ama)
1785 3442 1820 3504 et

437 3589 442 3597 ·
489 3547 672 3633 postquam
688 3541 732 3609 dc
747 3542 861 3631 primo
874 3542 1016 3609 Neronis
1030 3563 1121 3608 airino
1136 3540 1307 3621 narravit,
1327 3546 1379 3608 sat
1398 3540 1505 3608 mulla
1523 3541 1641 3609 subdit
1655 3564 1745 3633 quae
1760 3547 1820 3611 Fc-

489 3647 535 3716 lia
551 3646 589 3715 in
608 3647 735 3715 ludaea
752 3647 877 3735 gessit,
894 3647 1046 3715 latrones
1067 3655 1101 3714 et
1120 3648 1326 3737 impostores
1345 3668 1418 3714 esse
1431 3646 1600 3728 sublatos,
1617 3648 1819 3717 Eleazarum

489 3760 673 3844 captumst
688 3758 832 3821 Romam
847 3754 1008 3836 missum,
1023 3753 1199 3821 lonalham
1212 3752 1408 3843 pontificem
1426 3753 1593 3836 occisum,
1610 3758 1819 3845 Aegyptium

489 3865 602 3928 vatem
617 3867 652 3927 et
666 3860 891 3950 impostorem
911 3882 982 3928 esse
1006 3860 1091 3948 luga
1110 3860 1284 3950 elapsum,
1305 3859 1488 3928 tumultum
1510 3859 1613 3928 luisse
1634 3865 1818 3930 Caesareae

489 3970 592 4056 Syros
610 3965 703 4034 inler
721 3971 755 4034 et
774 3965 935 4048 ludaeos;
956 3967 1043 4034 lraec
1068 3967 1229 4056 losephus
1242 3966 1280 4033 in
1296 3971 1441 4057 utroque
1463 3987 1568 4056 opere
1587 3973 1706 4035 narrat
1723 3973 1820 4059 post·

487 4072 659 4163 quamde
687 4074 833 4141 Neronis
859 4074 1007 4163 imperio
1035 4073 1133 4164 loqui
1158 4073 1270 4164 coepit
1291 4070 1419 4164 (antiq.
1443 4077 1608 4158 20,8,t-8.
1634 4074 1719 4143 Bell.
1742 4074 1816 4144 iud.

487 4180 657 4268 ulau-7)
673 4184 707 4245 et
717 4178 841 4246 ultimo
857 4178 930 4247 loco
950 4179 1108 4271 explicite
1123 4178 1220 4246 addit
1234 4179 1277 4247 de
1288 4162 1348 4245 illo
1364 4178 1533 4250 tumultu:
1549 4180 1687 4269 vigente
1700 4186 1816 4250 autem

487 4284 654 4354 seditione
671 4285 857 4354 nobiliores
870 4308 910 4353 ex
929 4293 1076 4377 utraque
1090 4291 1189 4377 parte
1200 4280 1360 4354 'delectos
1378 4285 1468 4354 Felix
1483 4283 1529 4354 ad
1539 4290 1709 4357 Neronem
1723 4288 1817 4358 misit

488 4390 531 4460 de
559 4391 635 4459 iure
663 4414 726 4460 suo
752 4391 1013 4483 disceptaturos.
1038 4393 1119 4460 ltein
1140 4398 1258 4460 narrat
1286 4395 1418 4460 Festum
1440 4414 1462 4460 a
1488 4397 1621 4462 Nerone
1647 4396 1816 4487 accepisse
1932 4418 1934 4423 ·

488 4505 542 4582 τήν
552 4506 727 4588 ἐπιτροπήν.
741 4503 857 4567 Nonne
869 4499 1035 4567 audacius
1049 4506 1099 4567 est
1117 4499 1204 4568 haec
1217 4499 1332 4567 omnia
1344 4499 1518 4568 affirmare
1534 4498 1620 4568 salso
1635 4522 1658 4568 a
1672 4502 1817 4592 losephc

488 4604 637 4695 tempori
657 4607 797 4673 Neronis
812 4606 963 4674 adscribi
973 4610 989 4673 t
1001 4611 1115 4696 Neque
1130 4607 1225 4675 iuvat
1240 4627 1424 4698 provocare
1441 4604 1689 4677 adversionem
1704 4631 1817 4678 arme-

488 4731 569 4779 nam
586 4711 742 4781 chronici
760 4712 909 4782 Eusebii.
927 4718 1010 4781 Nam
1025 4714 1098 4804 ipsc
1112 4712 1277 4782 Eusebius
1289 4715 1327 4781 in
1340 4712 1606 4783 libro-historiae
1620 4716 1704 4785 scel.
1723 4716 1816 4802 clare
