4010 5474
229 325 290 386 318
762 338 830 385 sor.
855 321 1007 396 lupum.

231 492 464 564 quascumque
491 471 635 540 coniecti
668 472 804 539 fuerant
831 470 934 538 moris
964 474 1039 543 erat
1069 467 1232 561 precibus
1261 488 1386 534 vacare
1408 469 1553 555 triginta
1647 512 1666 537 .-

229 578 352 647 diebus
373 584 558 671 autequam
579 578 733 646 victimas
750 576 899 644 oblaturi
917 581 1029 645 essent
1048 582 1084 644 et
1096 575 1178 644 vino
1194 573 1367 643 abstinere
1383 578 1417 639 et
1430 571 1553 639 radere

18 656 24 665 ι
98 706 102 709 ·
228 708 365 756 comam
390 686 487 776 (Bell.
515 685 586 752 iud.
612 682 756 770 2,15‚1).
785 683 857 747 Voti
884 682 1102 770 persolvendi
1125 703 1228 749 rausa
1251 680 1428 772 apostolus
1447 679 1551 745 etiam

202 799 205 805 '
229 795 355 885 Ephesi
374 793 457 859 dicit
482 792 533 876 (ex
551 788 738 854 multorum
756 786 949 852 testimonio
966 808 1000 853 v.
1021 788 1075 869 21)
1099 807 1107 853 t
1128 792 1265 876 oportet
1279 808 1333 855 me
1348 785 1553 854 sollemnem

231 900 325 968 diem
356 897 596 966 advenientem
625 891 739 958 facere
772 889 987 980 {erosolymis
1019 891 1120 980 (gig).
1156 890 1337 980 Apostolus
1365 892 1486 979 igitur,
1516 898 1554 959 ut

233 1005 344 1077 Calm.
360 1023 434 1069 reru
449 998 609 1089 concipit,
629 996 783 1087 procula
797 995 985 1065 Palaestina
1001 994 1072 1064 voti
1087 1002 1244 1086 tempore
1257 995 1403 1086 impleto
1417 1019 1552 1065 comam

229 1108 380 1179 totondit
390 1108 441 1192 ,in
460 1110 562 1196 portu
581 1103 736 1171 Corinthi
749 1108 934 1193 antequam
950 1103 1038 1170 mari
1052 1124 1090 1171 se
1105 1102 1351 1186 committeret,
1369 1124 1410 1168 ac
1426 1101 1553 1169 deinde
1674 1110 1680 1114 ’

230 1213 342 1298 solvit,
363 1210 531 1280 sacrificia
546 1217 580 1279 et
600 1211 772 1301 reliquum
793 1209 862 1277 voti
880 1231 1024 1300 pensum
1036 1208 1076 1276 in
1097 1207 1225 1301 templo
1244 1208 1457 1298 lerosolymis
1477 1207 1553 1274 red·

11 1304 27 1353 '.
148 1338 152 1342 “
231 1320 366 1388 diturus
395 1319 482 1406 (sim.
509 1322 593 1409 Lep.
626 1315 737 1404 Feta).
764 1321 872 1395 Quare
896 1320 1015 1384 votum
1043 1316 1175 1399 feeerit,
1207 1317 1389 1409 nescimus⁴
1416 1314 1555 1383 Dubitat

232 1429 329 1496 Patr.
355 1448 441 1494 num
464 1424 552 1492 illud
570 1423 715 1489 habetet
731 1421 823 1488 enim
837 1433 953 1488 ectum
977 1420 1182 1488 exhibeatur
1202 1425 1364 1489 tonsurae
1378 1443 1499 1502 causa,
1518 1426 1553 1488 at

230 1533 344 1601 verbis
376 1532 412 1599 id
438 1530 531 1597 clare
550 1527 764 1606 enuntiatum
798 1531 877 1594 uam
907 1526 953 1595 ad
973 1526 1040 1594 iter
1062 1525 1404 1616 hierosolymitanum
1430 1526 1554 1594 referri

230 1638 362 1729 nequit,
379 1636 462 1725 quia
478 1634 520 1701 de
536 1633 596 1700 illo
615 1634 738 1699 itinere
754 1653 797 1699 ue
815 1633 944 1701 mentio
963 1631 1104 1722 quidem
1124 1632 1213 1701 facta
1228 1636 1290 1702 est.
1308 1637 1418 1712 Quare
1433 1631 1553 1722 nequit

229 1742 368 1811 admitti
386 1739 479 1831 quod
495 1739 555 1806 alii
575 1736 782 1830 quandoque
798 1744 1007 1829 proponunt,
1022 1740 1217 1830 apostolum
1234 1761 1275 1806 ex
1298 1760 1393 1807 more
1413 1736 1553 1806 iudaice

228 1849 436 1936 ingratiam
461 1846 662 1913 ludaeorum
685 1844 752 1911 sibi
773 1845 959 1913 totondisse
983 1866 1129 1929 comam,
1149 1866 1268 1934 quam,
1293 1844 1378 1912 dum
1397 1845 1552 1914 Corinthi

119 2029 127 2039 ,
231 1958 438 2036 versaretur,
456 1956 662 2020 Graecorum
677 1972 779 2020 causa
793 1956 960 2021 eteorum
976 1972 1073 2042 more
1085 1950 1236 2019 aluisset.

275 2066 321 2128 Eo
349 2061 388 2127 in
410 2058 535 2126 itinere
561 2057 672 2148 primo
701 2057 814 2126 visitat
834 2057 1080 2127 nobilissimam
1109 2056 1226 2126 Ioniae
1240 2057 1365 2153 urbem
1387 2056 1553 2148 primam·

230 2189 297 2257 que
317 2166 413 2234 Asiae
436 2164 685 2255 proconsularis
710 2187 743 2234 v.
775 2168 816 2232 19
837 2162 1039 2256 devenitque
1058 2162 1248 2254 Ephesum,
1269 2154 1370 2231 sitam
1392 2162 1438 2231 ad
1457 2186 1553 2233 mare

229 2293 375 2360 aegeum
409 2292 518 2361 prope
548 2270 690 2336 ssuvium
720 2274 915 2359 Caystrum,
941 2292 1047 2362 quam
1070 2276 1142 2339 toto
1167 2268 1253 2338 orbe
1279 2268 1451 2338 celebrem
1473 2270 1554 2338 10οἰ1

230 2377 400 2467 templum
428 2376 553 2444 Dianae
584 2375 732 2465 positum
760 2376 851 2445 iuter
880 2376 1001 2444 urbem
1029 2382 1065 2445 et
1088 2382 1228 2467 portum
1248 2374 1375 2464 (Patr.)
1400 2388 1433 2442 ct
1462 2374 1549 2461 illes,

230 2483 391 2572 Aquilam
413 2487 446 2549 et
475 2479 677 2564 Priscillam,
705 2480 754 2547 ibi
774 2480 934 2571 reliqerit,·
954 2481 998 2549 01.
1025 2504 1058 2549 v.
1084 2488 1146 2561 263
1175 2481 1249 2571 ipse
1270 2503 1348 2549 vero
1377 2483 1552 2572 inpressos·

230 2610 448 2679 spiropoqom
464 2586 659 2676 disputabat
672 2607 750 2652 eum
764 2585 900 2654 Indaeis
915 2591 1085 2672 1ιελέξατο;
1108 2587 1151 2655 01.
1169 2593 1265 2671 17,2;
1284 2588 1351 2654 hoc
1364 2587 1439 2656 loco
1452 2588 1548 2679 Hilp.

230 2718 370 2785 quoque
390 2700 508 2762 centra
532 2693 665 2782 aliquos
688 2694 823 2761 criticos
841 2693 992 2762 affirmat
1011 2714 1131 2762 rerum
1149 2693 1287 2762 narrari
1303 2699 1337 2761 et
1355 2693 1499 2762 Paulum
1515 2695 1551 2761 in

231 2802 390 2891 diaspora
414 2799 572 2867 debuisse
598 2798 694 2865 adire
719 2797 858 2867 ludaeos
880 2805 915 2868 et
935 2800 1053 2868 conari
1071 2821 1129 2869 eos
1147 2798 1192 2867 ad
1211 2798 1362 2867 Messinm
1376 2798 1552 2869 adducere

231 2930 343 2998 neque
364 2906 430 2974 hoc
449 2904 584 2972 obstare
609 2906 683 2972 eius
704 2905 869 2972 vocationi
892 2905 1230 2995 apostoli'gentium.
1255 2903 1323 2973 Sed
1342 2927 1404 2973 cur
1423 2905 1500 2973 aliis
1513 2907 1551 2974 in

231 3013 311 3081 loeis
330 3014 365 3080 id
388 3032 570 3102 perperam
594 3032 666 3078 esse
684 3009 849 3078 insertum
872 3012 997 3097 (tato.
1021 3018 1081 3095 tr;
1104 3012 1198 3103 18,6)
1217 3010 1415 3079 contendit?
1435 3012 1552 3080 ludaei

230 3119 363 3209 ephesii
384 3118 474 3186 bene
505 3116 658 3207 dispositi
682 3116 855 3197 videntum
881 3140 913 3184 v.
937 3123 981 3183 20
1000 3116 1201 3208 repentibus
1219 3117 1552 3185 001000οἰ000οη-

227 3225 335 3315 plicet
360 3237 510 3315 tempore
534 3234 704 3303 000000οτ,
734 3243 804 3288 nore
828 3221 1016 3306 consensit,·
1038 3222 1267 3290 festinationis
1285 3222 1358 3290 eius
1377 3222 1552 3313 simulque

230 3332 299 3399 veti
323 3330 471 3420 suscepti
498 3329 585 3396 ratio
607 3326 764 3396 redditur
786 3327 879 3418 apud
900 3328 1026 3396 multos
1039 3334 1142 3396 testes
1159 3347 1168 3396 ε
1185 3328 1326 3396 omnino
1345 3336 1482 3419 oportet
1496 3351 1551 3397 me

229 3437 424 3528 proximum
449 3435 542 3504 diem
563 3436 684 3502 testum
705 3455 809 3521 agere
822 3434 860 3500 in
874 3434 1075 3520 Ierusalem,
1091 3454 1194 3524 quem
1214 3438 1343 3504 textum
1360 3437 1550 3523 genuinum

230 3566 301 3610 esse
326 3543 408 3610 satis
433 3548 564 3610 eertum
588 3540 724 3607 sidetur
753 3539 844 3630 (vide
871 3539 950 3608 leet.
973 3541 1080 3629 var.);
1103 3539 1252 3608 0111010.
1271 3563 1303 3607 v.
1321 3546 1361 3608 21
1384 3540 1446 3609 sed
1460 3541 1552 3608 uole-

228 3648 364 3739 [aciens
386 3660 418 3713 et
441 3647 556 3715 dicens
575 3668 588 3712 .·
603 3646 726 3713 iterum
743 3658 894 3712 revertor
907 3645 955 3713 ed
966 3667 1023 3713 eor
1037 3648 1108 3713 Deo
1119 3646 1265 3729 volente,
1282 3647 1385 3737 proin
1398 3646 1468 3715 iarn
1485 3647 1553 3716 sibi

229 3753 408 3844 proposuit
434 3753 470 3819 io
499 3753 610 3842 prima
633 3750 696 3818 illa
724 3752 819 3820 Asiae
847 3749 934 3819 urbe
962 3749 1093 3819 diutius
1117 3750 1342 3835 commorari,
1368 3760 1550 3844 postquam

230 3858 449 3945 evangelium
477 3858 513 3925 in
540 3855 735 3925 tlaecdeuia
758 3862 793 3925 et
818 3856 958 3926 Graecia
982 3857 1207 3949 propagavit,
1230 3860 1407 3951 profectus
1433 3873 1483 3928 est
1508 3863 1552 3928 ot

230 3964 382 4055 Ephrem·
401 3963 451 4030 ibi
468 3963 609 4053 reliquit
627 3968 742 4030 tamen
760 3963 917 4053 Aquilam
935 3968 970 4032 et
987 3963 1177 4033 Priscillam
1192 3971 1371 4055 tamquam
1389 3966 1450 4056 qui
1465 3968 1553 4034 alios

229 4072 390 4139 docerent
403 4075 436 4135 et
450 4069 539 4135 viam
552 4070 649 4158 quasi
661 4076 903 4160 praepararent
913 4071 1095 4158 evaugelio
1106 4070 1165 4162 (01.
1183 4070 1263 4140 etr.
1278 4072 1356 4141 000.
1372 4071 1549 4163 Thespi).

273 4176 325 4243 Ab
344 4175 477 4265 Epheso
496 4175 676 4264 reovipaoit
694 4178 809 4264 ἀνήχθη
833 4177 887 4262 (ei.
909 4182 1026 4259 13,13;
1048 4177 1163 4267 16,11)
1178 4178 1217 4244 iu
1236 4177 1347 4246 altum
1362 4177 1439 4245 scil.
1457 4198 1551 4247 mare

231 4283 353 4352 duetus
376 4286 426 4349 est
449 4285 483 4349 et
512 4281 559 4348 ita
584 4281 677 4348 venit
702 4283 915 4362 Caesaream
936 4305 969 4351 v.
992 4287 1036 4349 22
1059 4296 1093 4351 et
1117 4282 1323 4352 descendens
1351 4284 1552 4353 Caesareum

230 4389 383 4459 κατελθὼν
404 4392 446 4469 εἰς
470 4391 649 4476 Καισάρειαν
671 4387 856 4477 (alii-petas)
868 4410 909 4456 er
926 4389 997 4457 alto
1017 4389 1105 4458 mari
1123 4388 1197 4457 scil.
1216 4389 1377 4460 devectus
1395 4392 1441 4460 od
1457 4392 1548 4475 litus,
1629 4418 1634 4425 ·

231 4493 384 4563 (escendit
408 4493 627 4562 resalutavit
652 4491 828 4562 eeclesiam
848 4494 920 4562 seit.
943 4494 1303 4584 hierosolymitanam
1325 4519 1407 4566 uam
1430 4521 1551 4567 escen·

232 4600 311 4669 dere
337 4609 388 4670 est
411 4602 509 4692 quasi
533 4602 696 4669 terminus
720 4599 896 4668 technicus
916 4623 979 4691 pro
1006 4601 1129 4670 itinere
1154 4602 1193 4671 in
1215 4602 1338 4672 urbem
1367 4606 1549 4674 ierusalem

234 4707 291 4795 (cs.
310 4714 330 4774 3
346 4712 430 4795 Reg.
453 4714 544 4790 aas.
566 4710 685 4793 tlteg.
703 4710 817 4789 thid.
832 4713 884 4775 Ps.
903 4713 1015 4792 1111.
1032 4708 1147 4779 tlatth.
1169 4714 1285 4794 20,18.
1312 4715 1409 4779 liare.
1429 4719 1547 4795 10,333
