4154 5452
199 322 258 382 rra
742 345 809 390 xci.
833 312 978 407 exa-u.

197 471 458 558 grammaticale
480 475 566 544 dure
589 479 717 545 mutari
743 483 881 567 putant,
905 478 988 544 acsi
1009 476 1159 543 seniores
1180 482 1214 543 ct
1231 473 1363 542 scribae
1381 471 1515 561 impetu

198 576 289 645 facto
316 601 394 648 oum
418 582 662 673 corripuissent
687 583 848 672 (Weiss);
871 580 1060 648 adversarii
1085 580 1137 645 illi
1155 592 1232 661 τινὲς
1252 578 1517 648 Hellenistarum

196 682 427 755 haecomnia
449 709 615 776 peragere
647 688 859 777 apertissime
887 684 1065 765 dicuntur3
1093 683 1201 751 iidem
1228 686 1332 754 etiam
1356 711 1388 754 v.
1419 690 1459 753 13
1485 695 1518 752 et

61 834 64 839 -
197 803 394 868 statuerunt
411 793 519 881 falsos
543 805 658 872 testes,
681 791 779 858 sicuti
802 790 917 858 ludaei
940 797 1041 857 antea
1053 796 1175 858 contra
1187 794 1298 857 lesum
1310 796 1513 874 statuerant,

197 896 262 985 qui
275 896 424 965 dicerent
449 918 463 961 .·
480 897 579 964 tomo
596 896 659 962 iste
675 918 746 962 uon
764 908 872 963 cessat
890 895 987 986 loqui
999 899 1101 964 uerba
1115 895 1277 963 aduersus
1291 896 1404 965 locum
1417 920 1516 966 souc-

197 1013 286 1089 tum,
313 1002 499 1091 templum,
524 1001 638 1068 locum
656 1000 768 1088 tuum·
785 1002 972 1070 secundum
992 1004 1177 1094 losephum
1198 1009 1293 1086 βιυλή
1305 1002 1400 1070 locus
1413 1025 1516 1091 syne-

197 1108 266 1175 drii
281 1114 356 1175 erat
374 1108 483 1196 prope
497 1110 638 1196 Xystum
655 1107 751 1198 (Bell.
773 1107 845 1176 iud.
863 1109 985 1199 5,t,2),
1002 1108 1229 1198 probabiliter
1242 1108 1279 1175 in
1293 1114 1411 1176 monte
1427 1116 1516 1176 tem-

196 1212 248 1304 pli
272 1212 452 1301 (Selium,
478 1217 505 1281 ll
528 1237 563 1305 p.
582 1202 685 1305 ¹162),
708 1215 897 1284 secundum
919 1216 1076 1283 misohna
1097 1238 1194 1298 vero,
1217 1216 1256 1283 in
1278 1215 1366 1283 atrio
1395 1214 1520 1305 templi

196 1334 288 1385 num
316 1307 405 1386 natm
430 1321 484 1408 (cf.
508 1321 661 1403 Buxtorl,
678 1326 753 1390 Lex.
772 1322 884 1391 chald.
902 1346 937 1413 p.
957 1325 1050 1409 tlt),
1070 1344 1178 1412 quare
1194 1344 1263 1389 non
1280 1328 1440 1413 apparet,
1455 1343 1519 1389 cur

195 1424 288 1492 illud
314 1442 418 1496 τοῦτον
444 1426 552 1517 (apud
572 1429 702 1517 aliquot
720 1435 831 1517 testes)
852 1451 981 1515 negare
999 1428 1106 1518 possit
1119 1430 1372 1496 accusationem
1390 1429 1518 1496 laetam

196 1530 235 1599 in
257 1532 436 1621 synedrio,
462 1538 500 1599 ut
529 1533 636 1601 Weiss
655 1533 842 1615 contendit3
864 1548 896 1601 et
915 1534 1045 1622 lepem5
1069 1557 1157 1625 quae
1176 1533 1266 1601 duae
1286 1534 1519 1602 accusationes

196 1638 267 1706 iam
287 1639 481 1706 accuratius
499 1638 722 1728 proferuntur
744 1662 777 1708 v.
808 1643 848 1705 lt
871 1637 1069 1707 audiuimus
1089 1639 1182 1706 enim
1211 1661 1289 1706 euna
1313 1639 1519 1707 dicentem:
1542 1725 1547 1735 ρ

197 1743 365 1835 quonium
390 1747 482 1812 Iesus
503 1747 578 1812 Nos
580 1767 706 1812 crenus
729 1744 785 1812 liic
803 1744 954 1813 destruet
973 1745 1084 1813 iocum
1104 1746 1209 1813 istum
1230 1758 1263 1812 et
1281 1745 1428 1812 mutabit
1447 1756 1518 1811 tro-

195 1848 345 1919 ditiones
363 1851 608 1940 questrodidit
621 1850 718 1919 cobr's
732 1855 924 1973 Moyses,
897 1883 933 1921 τα
948 1861 1014 1937 ἔθη,
1028 1873 1153 1933 mores,
1169 1851 1277 1939 leges.
1289 1850 1518 1942 llisceutique
1629 1937 1631 1940 Α

196 1956 427 2025 aemulatores
456 1957 545 2047 legis
567 1980 671 2047 quam
700 1960 846 2026 maxime
870 1958 1149 2038 offendebantur3
1175 1958 1218 2026 et.
1246 1965 1301 2041 21,
1307 1964 1366 2039 213
1394 1956 1518 2080 quanti

96 2064 104 2083 '⁴
163 2092 167 2097 ·
196 2085 278 2131 vero
296 2065 464 2154 templum
482 2065 708 2145 aestimarlnt,
732 2064 938 2132 concluseris
952 2088 992 2132 ex
1006 2064 1133 2153 adagio
1150 2065 1328 2134 rabbinico
1345 2086 1354 2134 :
1371 2067 1517 2155 quinon

182 2169 285 2236 uidit
305 2170 446 2237 domum
467 2178 635 2253 sanctam,
655 2172 787 2239 nullam
807 2193 960 2268 unquam
970 2171 1059 2238 vidit
1070 2176 1278 2240 structuram
1293 2176 1464 2253 ornatam,
1485 2177 1519 2238 et

196 2275 358 2366 Iosephus
375 2298 513 2367 quoque
532 2276 698 2367 templum
712 2277 796 2345 dicit
814 2298 899 2366 opus
918 2279 1072 2346 omnium
1092 2299 1181 2368 quae
1202 2276 1350 2345 vidimus
1365 2283 1399 2345 et
1417 2276 1518 2345 audi-

88 2434 91 2443 ,
199 2381 312 2448 vimus
332 2376 480 2449 maxime
501 2382 706 2451 admirabile
732 2382 827 2472 (Bell.
853 2382 923 2450 iud.
952 2388 1063 2464 o,t,a;
1090 2384 1135 2451 ci.
1161 2390 1255 2467 5,5,s
1272 2391 1307 2451 et
1325 2383 1440 2474 antiq.
1462 2390 1516 2464 15,

201 2493 299 2570 11,3;
315 2486 396 2555 vide
410 2509 499 2577 quae
513 2490 583 2556 dixi
600 2491 635 2556 in
651 2493 838 2557 Commeat.
854 2490 970 2556 llatth.
986 2493 1013 2556 ll
1027 2511 1062 2578 p.
1080 2489 1173 2578 306).

243 2596 327 2661 Cum
342 2600 445 2662 testes
464 2593 621 2663 dicantur
638 2596 742 2685 salsi,
767 2594 876 2685 aliqui
895 2602 1017 2684 putant
1041 2596 1255 2686 Stephanum
1273 2596 1414 2664 omnino
1428 2595 1520 2664 nihil

196 2699 365 2768 eiusmodi
396 2700 533 2781 dixisse,
565 2724 676 2792 neque
705 2700 812 2768 ullam
839 2701 955 2769 iecisse
979 2702 1186 2770 mentionem
1215 2702 1367 2770 vaticinii
1390 2702 1517 2771 Christi
1631 2767 1634 2772 .

197 2805 239 2873 de
277 2805 507 2874 destructione
537 2807 659 2897 templi
686 2829 799 2897 neque
825 2808 975 2874 innuisse
1013 2808 1128 2895 legem
1153 2808 1338 2876 mosaicam
1361 2809 1519 2877 caseoli.

196 2911 337 3002 quando
350 2912 575 2996 abolendam;
593 2913 629 2980 id
640 2916 734 2981 enim
747 2908 809 3004 pro
823 2936 862 2980 eo
876 2919 1031 3004 temporo
1045 2937 1158 3004 neque
1172 2916 1400 2983 necessarium
1414 2915 1518 2984 fuisse

195 3039 309 3109 neque
332 3026 563 3110 opportunum
588 3020 734 3107 (hotius,
755 3018 844 3087 Becl.
869 3017 991 3109 Halae).
1016 3020 1081 3088 Sed
1101 3022 1228 3088 rectius
1247 3021 1318 3088 iam
1339 3023 1416 3091 Oee.
1433 3022 1518 3089 scri-

199 3124 249 3192 bit
271 3146 280 3193 :
303 3153 320 3186 κ
349 3126 448 3215 atqui
468 3126 535 3194 hoc
555 3125 640 3193 dixit
661 3127 868 3216 Stephanus,
894 3126 957 3193 etsi
980 3149 1051 3194 nou
1075 3127 1161 3193 adeo
1185 3132 1319 3217 aperte;
1346 3127 1518 3217 quomodo

196 3253 281 3319 ergo
306 3238 386 3299 suut
405 3231 442 3298 hi
460 3232 547 3322 salsi
569 3236 689 3300 testes?
709 3233 879 3322 quianon
899 3238 936 3298 ut
953 3231 1139 3299 audierant
1153 3233 1360 3315 narrabant3
1376 3231 1519 3301 sedulio

196 3336 348 3428 quodam
364 3339 468 3406 modo
480 3338 671 3420 audierant,
688 3338 756 3405 alio
771 3336 872 3405 modo
887 3337 953 3427 ipsi
969 3338 1206 3427 proferebant3
1223 3337 1519 3429 quemadmodum

195 3443 239 3512 de
258 3443 391 3511 Christo
409 3445 502 3534 quod
523 3452 634 3534 posset
654 3444 823 3534 templum
845 3443 1020 3511 destruere
1038 3444 1164 3511 falsum
1182 3443 1249 3512 luit
1266 3444 1516 3527 testimouium,

195 3550 246 3618 ita
256 3555 292 3617 et
302 3573 395 3618 nunc
408 3551 591 3619 mendaces
605 3558 683 3617 sunt
695 3550 755 3640 qui
768 3551 979 3638 Stephanum
994 3552 1092 3618 aiunt
1104 3550 1363 3618 demolitionem
1375 3551 1463 3638 legis
1475 3572 1516 3618 ao

196 3658 317 3748 templi
340 3661 512 3726 Nazareno
535 3658 722 3726 attribuere
749 3685 778 3724 u.
801 3662 909 3744 Atque
931 3656 1035 3723 etiam
1057 3658 1270 3724 exoratione
1291 3657 1514 3745 cap.7colli·

195 3763 291 3852 gitur
322 3785 403 3832 eum
431 3763 512 3831 talia
539 3763 662 3830 dixisse
699 3786 739 3829 cx
769 3761 894 3854 quibus
921 3762 1107 3848 colligatur
1141 3760 1287 3830 salutem
1312 3763 1516 3854 neutiquam

195 3870 326 3960 templo
346 3868 537 3959 ritibusque
560 3869 728 3937 contineri
753 3891 793 3935 ae
814 3866 989 3948 concludi,
1017 3888 1096 3936 cum
1120 3867 1214 3935 enim
1235 3868 1440 3937 llellenistae
1463 3868 1518 3937 illi

196 3974 300 4044 nimis
322 3975 450 4044 addicti
479 3982 592 4044 essent
616 3975 859 4043 traditionibus
883 3983 915 4041 et
938 3972 1157 4040 caerimoniis
1180 3973 1267 4067 legis
1291 3980 1394 4065 atque
1416 3974 1519 4044 iniis

198 4104 292 4150 more
317 4081 576 4171 pharisaeorum
608 4082 770 4149 iustitiam
794 4079 1017 4161 collocarent,
1050 4080 1192 4148 omnino
1214 4080 1423 4149 censendum
1447 4081 1515 4148 erit

196 4189 408 4279 Stephanum
433 4188 518 4255 ritus
537 4187 614 4255 illos
634 4188 723 4255 nihil
748 4189 817 4254 iam
840 4190 952 4253 valere
977 4185 1022 4252 ad
1046 4208 1164 4253 veram
1185 4186 1350 4255 iustitiam
1374 4186 1519 4255 demon·

182 4301 337 4379 strasse,
358 4295 538 4362 oraculum
559 4317 697 4385 quoquc
721 4293 841 4362 Christi
863 4292 905 4359 dc
935 4291 1066 4384 templo
1091 4313 1386 4360 commemorasse.
1411 4297 1516 4361 Erant

196 4404 313 4493 itaque
337 4409 440 4470 testes
455 4400 539 4489 salsi
561 4401 683 4468 eodem
705 4400 807 4468 modo
829 4400 916 4465 sicut
932 4398 982 4466 illi
1005 4399 1099 4490 apud
1120 4399 1235 4466 llatth.
1263 4404 1384 4482 as,c1;
1410 4399 1516 4467 verba

177 4507 340 4605 ‘minime
358 4506 506 4575 fideliter
524 4506 727 4587 retulerunt,
748 4529 766 4573 e
783 4512 939 4573 contextu
956 4507 1075 4573 avulsa
1087 4505 1176 4573 male
1191 4504 1406 4595 interpretati
1420 4512 1511 4590 sunt,

196 4635 238 4682 ea
249 4615 383 4683 rationo
397 4614 626 4705 protulerunt,
640 4620 677 4681 ut
693 4612 893 4703 blasphema
909 4633 979 4679 esse
994 4612 1206 4679 viderentur.

241 4724 326 4789 Cum
339 4721 425 4788 haec
443 4720 636 4789 testimonia
655 4727 775 4787 contra
794 4739 872 4787 cum
894 4717 1089 4800 ederentur,
1107 4740 1225 4787 omnes
1237 4717 1276 4785 in
1297 4740 1377 4787 eum
1397 4721 1513 4788 oculos
