4128 5442
1031 376 1104 422 aer.
1122 358 1268 432 auum.
1427 405 1430 411 .
1768 359 1805 417 75

473 511 617 580 modum
641 531 681 578 ac
704 507 835 576 bonum
857 512 1123 602 praeparatum,
1146 528 1218 573 non
1242 506 1356 596 potuit
1381 494 1450 573 uon
1470 526 1540 573 esse
1562 517 1806 592 argumentum

474 641 623 706 magnae
648 614 894 685 consolationis
917 621 952 682 et
974 612 1135 680 fiduciae.
1154 617 1241 681 Nam
1262 633 1342 681 eum
1363 611 1504 680 notione
1527 611 1663 679 liessiae
1686 612 1808 682 intime

471 726 635 812 iungitur
649 719 746 789 notio
770 723 882 812 pacis,
904 719 1081 787 felicitatis
1098 741 1270 802 summae,
1291 718 1436 808 gloriae.
1459 723 1543 809 Spes
1564 720 1683 809 itaque
1706 740 1808 807 prae-

473 831 568 900 clara
586 828 628 894 iis
649 827 846 897 exhibetur.
862 832 906 894 At
920 824 1025 893 simul
1043 825 1203 893 innuitur
1221 848 1283 917 per
1296 825 1537 894 tribulationes
1556 847 1596 892 ao
1615 824 1729 892 varias
1743 826 1808 891 mi-

472 936 577 1003 serias
598 933 644 1000 ad
658 933 799 1003 beatum
818 934 917 1001 illum
938 931 1045 999 finem
1059 954 1131 1021 esse
1145 932 1372 1001 tendendum.
1385 936 1474 1000 Nam
1493 931 1555 999 illa
1576 936 1734 1021 tempora
1754 930 1809 997 fu-

471 1048 550 1108 tura
564 1039 729 1109 dicuntur
741 1038 982 1126 refrigerium
998 1038 1092 1107 unde
1105 1038 1230 1105 merito
1244 1039 1399 1106 inferunt
1413 1044 1549 1129 tempus
1561 1036 1808 1104 intermedium

471 1145 647 1236 designari
668 1154 849 1235 tamquam
872 1150 1010 1236 tempus
1033 1150 1147 1212 aestus
1169 1165 1209 1211 ac
1233 1142 1394 1213 laborum
1414 1150 1448 1211 et
1465 1144 1623 1212 dolorum
1646 1142 1704 1234 (cf.
1726 1142 1805 1211 Clzr.

475 1255 554 1322 Oce.
570 1252 697 1342 Salm.)
716 1253 740 1317 i.
758 1272 789 1320 e.
807 1251 994 1342 periodum
1012 1256 1212 1320 terrestrem
1230 1251 1331 1338 regni
1345 1248 1504 1317 messiani
1518 1251 1568 1317 ita
1582 1248 1806 1334 conformari,

471 1365 511 1427 ut
523 1363 682 1447 tempora
697 1357 874 1445 refrigerii
895 1357 1040 1426 summis
1060 1356 1147 1426 votis
1166 1357 1236 1423 sint
1257 1355 1463 1448 exoptanda.
1479 1395 1525 1406 —
1537 1355 1655 1446 Aliqui
1673 1360 1809 1446 tempus

374 1529 385 1546 ,
470 1462 647 1551 refrigerii
662 1469 697 1530 et
705 1459 839 1532 'Christi
853 1463 1041 1532 adrentum
1060 1464 1215 1531 referunt
1231 1461 1275 1529 ad
1290 1461 1456 1529 iudicium
1473 1462 1567 1551 quod
1582 1461 1732 1529 Christus
1746 1483 1809 1551 per

472 1577 643 1640 Romanos
664 1569 702 1637 in
723 1570 848 1638 urbem
872 1575 908 1638 et
929 1576 1070 1659 gentem
1089 1569 1265 1639 iudaicam
1283 1568 1460 1636 infidelem
1482 1568 1651 1652 exercuit,
1668 1590 1739 1657 quo
1754 1567 1808 1634 iu-

472 1674 562 1745 dicio
578 1673 823 1744 christifideles
842 1699 864 1744 a
882 1677 1122 1745 vexationibus
1137 1676 1345 1744 ludaeorum
1359 1673 1510 1764 quietem
1532 1680 1567 1742 et
1588 1673 1808 1761 refrigerium

364 1860 373 1873 Ι
416 1785 419 1789 ’
472 1783 565 1849 nacti
592 1782 662 1850 sint
691 1781 750 1873 (ef.
775 1783 854 1851 Oec.
879 1782 1030 1874 Theoplr.
1046 1786 1135 1874 Lep.
1162 1780 1304 1873 calm).
1321 1787 1446 1850 Verum
1468 1781 1536 1849 hoo
1559 1780 1809 1872 aprcprietats

472 1889 658 1957 verborum
674 1887 829 1956 alienum
849 1893 949 1958 estet
968 1889 1141 1957 refutatur
1155 1887 1271 1956 statim
1285 1890 1324 1956 in
1338 1911 1372 1957 v.
1389 1894 1444 1969 21,
1461 1909 1530 1978 quo
1548 1887 1639 1955 clare
1654 1887 1809 1955 enuntia·

472 2001 541 2077 tur,
556 1993 696 2083 quando
714 1993 868 2062 Christus
881 2017 901 2063 e
915 1993 1011 2062 coelo
1026 1994 1217 2064 mittendus
1236 1995 1280 2061 sit
1295 2016 1330 2063 v.
1348 1999 1507 2084 iterum
1525 2005 1657 2083 oportet
1668 1992 1810 2083 quidem

472 2098 607 2168 eoelum
632 2099 806 2192 suscipere
819 2100 845 2169 i.
866 2123 898 2170 e.
914 2099 1081 2192 proprius
1102 2101 1227 2169 Christi
1246 2099 1526 2199 commorationis
1546 2098 1644 2167 loeus
1664 2107 1716 2167 est
1734 2122 1810 2166 eoe-

472 2204 563 2290 lum,
583 2228 695 2296 neque
716 2206 905 2275 mittendus
923 2212 975 2275 est
988 2206 1141 2276 secunda
1159 2208 1235 2274 rice
1253 2208 1290 2273 iu
1305 2212 1452 2286 terram;
1473 2207 1534 2274 sed
1547 2227 1687 2273 manere
1705 2205 1809 2272 debet

473 2313 510 2380 iu
531 2312 643 2396 coelo,
664 2334 773 2404 usque
798 2311 838 2379 itt
867 2325 1025 2404 tempora
1047 2312 1280 2382 restitutionis
1306 2312 1481 2400 omnium
1499 2314 1528 2382 si
1550 2312 1637 2380 haec
1659 2312 1808 2380 advene-

474 2418 562 2504 rint,
582 2424 666 2487 tunc
686 2418 816 2487 eeoelo
830 2418 960 2487 redibit
981 2418 1110 2487 iterum
1129 2420 1168 2487 in
1182 2424 1330 2500 terram3
1348 2417 1441 2487 unde
1458 2420 1495 2486 in
1515 2419 1580 2487 hoc
1605 2421 1680 2509 ipso
1699 2440 1807 2508 usque

474 2524 553 2592 in...
569 2525 677 2593 habes
700 2525 954 2617 oppositionem
978 2525 1024 2594 ad
1044 2525 1135 2594 illud
1160 2536 1213 2612 μέν
1230 2524 1401 2617 -quidem;
1422 2533 1468 2595 δεῖ
1487 2525 1615 2592 dicitur
1628 2524 1671 2592 de
1689 2547 1807 2592 neces-

473 2630 572 2698 sitate
587 2631 705 2698 divino
719 2631 859 2700 decreto
875 2632 1063 2701 constituta
1074 2637 1109 2700 et
1122 2655 1144 2701 a
1155 2632 1334 2723 prophetis
1347 2631 1525 2722 praedicta
1541 2629 1653 2721 (titt.

518 2736 668 2804 Verbum
697 2738 879 2807 restituere
903 2741 1138 2809 ἁποκαθιστάύαι
1165 2737 1293 2808 dicitur
1315 2737 1358 2806 de
1381 2738 1574 2822 sanatione,
1595 2737 1808 2805 restitutione

472 2844 661 2911 sanationis
682 2844 798 2912 Matth.
826 2851 942 2929 12‚13,
966 2851 1067 2913 llere.
1091 2852 1169 2929 3,5;
1194 2851 1287 2931 885,
1309 2849 1387 2912 Luc.
1409 2850 1505 2929 o,1o;
1531 2843 1658 2912 dicitur
1675 2845 1717 2911 de
1739 2845 1811 2911 Elia

474 2947 536 3039 qui
557 2955 725 3018 venturus
744 2955 848 3018 estet
869 2951 1029 3019 restituet
1049 2950 1167 3019 omnia
1190 2950 1306 3019 Matth.
1328 2956 1442 3034 1r,11.
1460 2949 1554 3018 Unde
1574 2953 1810 3031 ἀποκατάστασις

475 3055 647 3138 omnium,
665 3079 755 3146 quoe
775 3055 913 3125 locutus
934 3068 984 3124 est
1003 3060 1095 3126 Deus
1115 3079 1180 3149 per
1200 3078 1238 3125 os
1256 3069 1454 3125 sanctorum
1474 3079 1615 3125 suorum
1632 3078 1655 3123 a
1674 3056 1811 3123 saeculo

468 3161 718 3253 prophetarum
732 3161 826 3230 idem
849 3168 918 3246 est,
935 3169 1040 3254 atque
1060 3170 1184 3231 cuncta
1203 3186 1293 3254 quae
1311 3186 1332 3231 a
1350 3164 1528 3254 prophetis
1546 3162 1713 3254 promissa
1732 3170 1813 3229 sunt

473 3274 550 3336 tum
571 3268 712 3357 demum
732 3270 913 3357 integrum
932 3292 974 3337 ac
991 3270 1184 3361 perfectum
1205 3269 1397 3338 sortiuntur
1415 3269 1589 3352 effectum;
1607 3276 1680 3337 tum
1695 3269 1809 3336 omnia

473 3373 535 3441 illa
558 3375 595 3442 in
617 3380 707 3443 statu
732 3397 773 3443 ac
795 3375 996 3443 conditione
1022 3377 1178 3467 perfecta
1202 3376 1436 3460 restituentur,
1461 3398 1551 3466 quae
1582 3397 1732 3465 eousque
1755 3375 1810 3442 in-

474 3480 656 3548 choatione
680 3481 830 3572 quadam
850 3487 886 3549 et
908 3482 1173 3573 imperfectione
1196 3480 1426 3551 habebantur.
1448 3486 1611 3550 Servatur
1632 3482 1728 3548 notio
1756 3505 1808 3548 re-

473 3586 683 3674 stitutionis,
700 3586 757 3654 vel
775 3586 1012 3655 translationis
1025 3587 1064 3655 in
1078 3610 1205 3656 novum
1217 3592 1359 3669 statum,
1376 3587 1412 3655 in
1432 3610 1501 3678 qua
1514 3588 1611 3678 prior
1624 3594 1734 3656 status
1748 3587 1808 3655 de·

471 3694 578 3761 terior
597 3699 794 3761 removetur
816 3694 874 3783 (ei.
895 3694 983 3783 απο);
1008 3717 1116 3785 quare
1140 3694 1231 3763 illud
1256 3691 1296 3763 ὧν
1318 3699 1411 3762 reete
1437 3696 1584 3762 refertur
1606 3695 1650 3762 ad
1673 3700 1804 3777 πάντων,

474 3822 587 3890 neque
598 3822 685 3889 opus
692 3806 743 3868 est
751 3799 841 3869 illud
855 3800 986 3869 referre
997 3800 1043 3869 ad
1057 3808 1187 3891 χρὲνους
1202 3801 1295 3894 (cum
1309 3799 1400 3871 Beel.
1412 3799 1501 3870 Felt.
1527 3800 1651 3870 Weudt
1660 3807 1762 3869 antea
1773 3802 1808 3867 iu

472 3905 530 3973 ed.
546 3911 689 3988 5,1880;
707 3904 768 3974 sed
784 3912 871 3976 1888
886 3906 1014 3996 aliter).
1031 3912 1096 3976 Per
1113 3908 1302 3999 prophetas
1322 3907 1408 3975 olim
1426 3907 1472 3976 ab
1491 3909 1633 3998 antiquo
1653 3914 1808 3998 tempore

476 4017 561 4079 Deus
591 4011 797 4102 promiserat
830 4034 867 4081 se
895 4034 968 4082 esse
999 4018 1108 4083 Deum
1136 4013 1297 4097 foederis,
1319 4012 1484 4081 daturum
1511 4013 1805 4096 benedictionem,

475 4140 597 4208 pacem
618 4117 676 4208 (ef.
699 4123 781 4187 Gen.
803 4123 903 4203 9363
929 4125 1026 4203 1233
1045 4125 1165 4203 18,18;
1187 4119 1324 4209 to,1o);
1345 4120 1431 4203 imo,
1448 4127 1487 4188 ut
1508 4119 1609 4189 ludas
1630 4143 1692 4187 nos
1710 4121 1809 4188 docet

473 4223 511 4291 in
535 4224 680 4315 epistola
704 4247 738 4292 v.
764 4230 804 4291 rt
828 4223 899 4292 iam
924 4226 1092 4317 septimus
1116 4226 1162 4293 ab
1189 4226 1297 4294 Adam
1319 4227 1434 4294 Enoch
1455 4227 1675 4319 prophetavit
1700 4249 1709 4296 ε
1733 4250 1809 4295 eece

474 4332 568 4398 venit
588 4330 753 4399 Dominus
768 4330 807 4399 in
820 4332 949 4399 sanctis
964 4331 1121 4401 millibus
1141 4332 1213 4400 suis
1234 4333 1346 4401 faeere
1363 4331 1549 4417 iudicium3
1570 4356 1676 4424 porro
1692 4334 1809 4420 imago

473 4435 536 4503 illa
559 4458 714 4505 summae
735 4436 830 4529 pacis
849 4460 891 4505 ae
911 4436 1086 4507 felicitatis
1107 4460 1217 4530 quam
1234 4439 1425 4532 prophetae
1445 4439 1488 4508 de
1509 4462 1619 4528 regno
1637 4440 1808 4508 messiano

473 4542 637 4611 exhibent
667 4544 760 4611 hisce
785 4543 822 4611 in
854 4545 958 4612 terris
991 4544 1104 4613 solum
1139 4546 1339 4636 imperfecta
1369 4545 1520 4636 quadam
1544 4546 1807 4614 adumbratione

475 4648 511 4714 in
540 4648 699 4716 effectum
724 4648 921 4718 deducitur.
946 4655 1061 4719 Restat
1087 4652 1222 4744 itaque,
1246 4656 1286 4721 ut
1312 4652 1374 4720 illa
1398 4652 1516 4720 omnia
1539 4675 1580 4720 er
1606 4652 1806 4720 conditione

474 4754 673 4845 imperfecta
698 4761 733 4824 et
769 4777 895 4825 manca
923 4757 1152 4829 restituantur
1175 4759 1213 4827 in
1238 4763 1365 4829 statum
1392 4759 1724 4851 perfectum30f.1s.
1749 4768 1804 4844 65,
