4054 5442
256 326 316 386 392
799 336 867 382 aar.
890 322 1009 392 tat-3.

254 482 283 528 et
301 476 490 528 concitantem
516 476 669 529 sedtttoues
694 476 823 528 omnibus
846 476 893 527 lu·
929 475 1017 524 τοῦτον
1042 466 1145 540 λοιμον,
1171 465 1214 519 καὶ
1244 468 1361 518 κινοῦντα
1388 465 1486 525 οτάοιις
1513 468 1573 520 ποῖοι

253 550 334 617 <laets
347 565 377 615 tn
392 567 524 617 universo
537 566 620 628 orbe,
638 567 667 618 et
687 570 829 615 auctorem
845 576 893 615 se·
928 561 980 619 τοῖς
1007 555 1135 617 Ἰουδαίοις
1160 561 1213 617 τοῖς
1244 553 1308 608 κατὰ
1339 549 1384 617 τὴν
1412 551 1571 623 οἰκουμένην,

253 654 369 706 ditionis
400 657 495 707 sectae
526 649 752 711 nazarenorum
784 651 810 701 d.
838 652 892 711 Qut
928 645 1104 716 πρωτοστάτην
1133 663 1161 697 τι
1188 647 1231 711 τῆς
1259 648 1310 696 τῶν
1341 638 1497 711 Ναζωραίων
1530 642 1572 692 οἱ·

253 743 339 793 etiam
372 744 510 808 temptum
547 742 654 793 violare
688 746 804 790 conatus
834 746 889 799 est;
928 735 1028 801 ρίοεως,
1047 738 1076 788 a.
1095 734 1122 793 ὃς
1144 730 1188 786 ναὶ
1209 732 1239 785 rb
1262 730 1329 802 trp'ou
1347 729 1475 802 lratpaotr
1495 728 1572 799 βοᾶν,-

251 844 337 895 quem
356 832 385 883 et
405 832 613 896 apprehensum
631 826 770 878 voluimus
792 839 891 876 secun·
928 820 1017 874 λῶοοι·
1042 823 1071 873 ὃν
1098 818 1141 873 eal
1164 818 1333 890 ἰκριτήοοριν
1361 818 1412 890 (καὶ
1434 818 1501 872 tart
1528 816 1572 871 rba

250 919 318 971 dum
339 920 435 984 legem
451 921 579 968 noemam
596 914 729 966 iudicare.
745 915 770 965 t.
788 913 892 978 Super·
927 908 1046 979 ἡμέτερον
1083 908 1161 978 νόμον
1203 904 1364 978 ἠθελήσαμεν
1400 909 1504 977 κρίνειν.
1544 910 1570 961 7.

250 1010 369 1059 veniens
385 1010 480 1056 autem
503 1003 632 1054 tribunus
653 1002 765 1066 Lysias,
787 1014 850 1052 eum
863 1003 891 1050 ri
928 996 1057 1068 παρελθὼν
1080 995 1107 1050 dt
1129 994 1251 1056 Λοοῐοςὸ
1273 993 1406 1069 χιλίαρχος
1424 995 1489 1065 perd
1507 995 1573 1049 πολ-

249 1106 355 1158 magua
373 1092 477 1156 ertputt
495 1103 560 1143 eum
576 1090 612 1142 de
631 1091 760 1154 manibus
778 1091 889 1145 nostris,
927 1083 972 1150 λῆς
996 1085 1049 1155 βίας
1072 1084 1100 1139 ἐκ
1122 1089 1173 1138 τῶν
1191 1088 1282 1155 χωρῶν
1300 1081 1372 1155 ἡμῶν
1391 1081 1523 1154 ἀπήγαγε,
1544 1087 1572 1137 8.

249 1183 277 1234 8.
294 1181 399 1232 lubens
417 1183 597 1232 accusatores
612 1180 674 1230 elus
689 1178 724 1229 ad
739 1183 766 1230 te
779 1179 875 1229 νοοῖτο
882 1191 889 1238 ;
927 1172 1042 1236 κελεύσας
1071 1173 1128 1234 τοὺς
1161 1172 1315 1243 κατηγόρους
1352 1168 1428 1225 adron
1457 1171 1574 1243 ἔρχεσθαι

248 1282 265 1320 a
285 1282 343 1334 qun
356 1269 541 1333 potensipse
558 1267 700 1330 iudicans,
714 1266 750 1318 de
763 1267 891 1318 omnibus
926 1260 967 1315 tet
985 1263 1022 1334 ol)
1037 1262 1096 1332 παρ’
1115 1258 1146 1315 οὗ
1163 1261 1258 1335 δυνήσῃ
1277 1259 1350 1322 οὗτος
1368 1259 1501 1331 ἀνακρίνας
1518 1259 1575 1330 arpi

249 1357 311 1408 ntts
331 1369 505 1421 cognoscere
526 1357 561 1408 de
584 1356 686 1421 qulbus
707 1367 758 1407 nos
779 1368 891 1406 ancusa-
927 1350 1026 1405 πάντων
1046 1349 1142 1405 τούτων
1161 1349 1296 1428 latrabant
1313 1346 1350 1402 ὧν
1367 1347 1442 1421 apti<
1460 1366 1571 1418 κατηγο·

248 1457 313 1497 mus
325 1457 399 1497 eunt.
413 1446 439 1497 9.
452 1445 624 1498 Adteeerunt
637 1448 771 1495 autumet
783 1443 889 1503 ludael,
926 1441 1016 1510 ροῦμεν
1036 1437 1121 1494 αὐτοῦ.
1138 1443 1165 1496 9.
1183 1440 1343 1493 mussitante
1360 1437 1389 1491 bl
1406 1437 1449 1491 ιιιιὶ
1466 1438 1492 1491 ol
1508 1435 1571 1490 Ἰον-

61 1553 65 1560 ·
178 1545 191 1586 .’
248 1532 376 1585 dicentes
389 1535 462 1585 haee
481 1535 565 1584 ltase
579 1532 693 1583 habere.
926 1529 1006 1595 διῖοι,
1027 1529 1162 1598 ράοιιοντις
1180 1528 1259 1580 ταῦτα
1276 1525 1353 1587 οὓτως
1371 1525 1452 1597 ἔχειν.

193 1699 195 1702 ’
284 1720 317 1770 tn
336 1732 364 1769 v.
385 1717 402 1768 6
422 1719 488 1781 post
505 1732 675 1784 ιιιροτηοομεν
695 1719 787 1768 statim
802 1719 928 1788 sequitur
942 1732 969 1767 v.
986 1717 1001 1768 8
1019 1733 1067 1785 rap
1081 1732 1110 1767 οο
1124 1713 1219 1781 turam
1234 1716 1263 1766 tn
1279 1714 1452 1772 ttABHLP
1466 1714 1495 1766 al
1509 1714 1574 1779 ptus

247 1806 281 1858 to
301 1818 348 1857 am
367 1805 397 1856 tu
419 1806 460 1856 tot
481 1806 520 1869 (et
539 1805 614 1870 apud
634 1803 718 1872 Bedat
734 1807 784 1856 sati
806 1819 867 1870 cop.
892 1805 947 1856 Sed
968 1819 1041 1871 quae
1059 1807 1089 1856 in
1105 1806 1175 1870 vulg
1193 1806 1421 1869 interponuntur,
1441 1803 1574 1867 teguntur

246 1895 334 1946 ettam
346 1894 375 1943 tn
391 1893 414 1944 E
429 1893 457 1943 al
474 1892 508 1945 st
520 1898 566 1944 eat
580 1893 638 1945 ctu·
651 1893 744 1944 demtd
758 1895 807 1957 gtg
822 1907 869 1957 syr
882 1891 943 1961 (atr)
957 1893 1028 1945 oodd
1042 1893 1100 1959 altq
1114 1893 1189 1958 opud
1205 1891 1264 1945 Bed
1272 1905 1280 1953 ς
1295 1905 1331 1943 ea
1345 1892 1425 1944 nortt
1439 1889 1570 1945 Gasstod.

245 1982 279 2035 In
294 1995 322 2033 v.
340 1982 356 2033 9
371 1981 557 2048 praemittunt
574 1981 634 2033 tat.
649 1983 686 2047 ph
701 1978 728 2031 ο*
743 1979 893 2053 ιιτοντοςιὸι
907 1997 981 2032 aaron
994 1996 1086 2038 τοοτιι,
1286 1985 1290 1992 “

292 2159 344 2225 Uti
363 2156 479 2243 Lysias
502 2150 703 2243 synedristis
722 2154 934 2221 denuntiavit
951 2155 1324 2243 (²3230l2stt2881111ll·
1343 2159 1360 2221 1
1370 2162 1452 2244 post
1470 2151 1572 2242 quin-

247 2284 317 2352 que
343 2274 460 2341 eutem
482 2261 554 2329 dies
573 2258 746 2327 deseendit
761 2259 920 2350 princeps
938 2259 1165 2346 sacerdotum,
1183 2258 1354 2348 Ananias,
1370 2280 1449 2326 cunt
1463 2257 1573 2326 sent'o·

245 2368 340 2435 ribus
362 2365 594 2457 qutbttsdamg
604 2365 676 2433 dies
695 2367 845 2456 quinque
863 2365 1066 2434 numerandi
1081 2371 1183 2435 erunt
1198 2365 1244 2434 ab
1257 2367 1410 2435 adventu
1422 2363 1522 2432 Pauli
1534 2362 1571 2432 in

246 2473 368 2541 urbem
381 2475 594 2554 Caesaream,
610 2471 652 2538 de
665 2494 733 2561 quo
748 2471 820 2539 soil.
837 2477 938 2539 Lucas
952 2471 1106 2540 narravit
1120 2471 1240 2539 ultimo
1255 2472 1342 2539 loeo.
1360 2470 1461 2539 Nullo
1475 2470 1568 2539 enim

247 2579 351 2647 modo
371 2577 548 2646 indicatur
563 2600 622 2646 eos
637 2578 710 2645 dios
730 2577 860 2657 reterri,
878 2585 915 2645 ut
927 2576 1134 2669 quandoque
1146 2575 1278 2662 volunt,
1295 2575 1412 2644 velud
1428 2576 1571 2668 eaptivi-

247 2690 354 2752 tatem
370 2682 467 2750 Pauli
482 2674 518 2750 in
536 2683 719 2751 Ierusalem
739 2685 792 2750 rel
806 2683 850 2750 ad
866 2684 938 2750 eius
952 2683 996 2750 ab
1010 2683 1096 2750 urbe
1109 2680 1377 2772 protectionem
1392 2704 1502 2772 quare
1513 2704 1571 2750 eos

248 2789 378 2856 reterre
395 2788 566 2878 oportebit
584 2787 629 2855 ad
645 2788 803 2856 ultimum
819 2790 1002 2856 terminum
1014 2788 1058 2856 de
1070 2809 1139 2878 quo
1154 2792 1333 2856 narratum
1347 2792 1398 2855 est
1412 2787 1469 2877 (ol.
1486 2790 1570 2878 Lep.

249 2893 336 2963 Felt.
367 2892 506 2975 Wendt,
533 2894 667 2978 Weiss).
686 2898 807 2962 Verum
823 2895 870 2962 ita
885 2893 1060 2963 numerari
1078 2898 1231 2985 possunt,
1254 2899 1294 2962 ut
1314 2891 1388 2961 dies
1404 2892 1573 2963 adventus

248 3002 293 3069 sit
313 3005 348 3069 et
368 3007 549 3068 censeatur
573 3001 720 3090 primus,
747 3010 780 3068 et
803 3002 876 3068 <lios
909 3023 977 3091 quo
996 2999 1049 3067 illi
1070 3003 1270 3069 Caesaream
1292 2999 1499 3068 advenerint
1529 2997 1574 3066 sit

250 3105 394 3197 quintus
409 3105 567 3174 nondum
586 3107 785 3195 completus.
807 3112 894 3174 Bene
915 3107 1053 3174 adverte
1067 3104 1138 3173 diei
1153 3109 1228 3190 perir
1242 3115 1451 3194 πριοοοτέρον
1466 3117 1570 3187 τινῶνς

250 3210 399 3301 proinde
418 3210 543 3279 salsum
563 3233 633 3278 esse
654 3211 745 3302 quod
765 3213 857 3300 Itilq.
875 3219 991 3279 contra
1011 3211 1162 3302 priorem
1178 3212 1414 3280 narrationem
1431 3199 1574 3301 (23:79)

252 3317 409 3404 oggerit,
437 3316 553 3384 deesse
579 3317 617 3384 in
644 3317 866 3407 subsequenti
892 3319 1086 3386 narratione
1111 3340 1213 3386 omne
1234 3316 1416 3405 vestigium
1440 3316 1575 3407 aliquos

251 3421 462 3511 synedristas
485 3422 528 3491 de
551 3422 646 3490 Pauli
665 3424 766 3513 eulpa
787 3422 972 3491 dubitasse.
994 3424 1144 3492 Ananias
1168 3428 1283 3492 autern
1304 3422 1417 3491 solum
1437 3421 1574 3513 aliquos

253 3528 465 3616 synedristas
488 3551 603 3597 seeum
629 3528 785 3609 adducit,
814 3552 924 3619 neque
947 3530 1020 3598 ullo
1046 3528 1149 3597 modo
1178 3529 1222 3598 ud
1244 3549 1448 3597 eonsensum
1471 3528 1575 3596 totius

252 3633 406 3722 synedrii
425 3635 629 3715 recurritur3
651 3649 683 3702 et
705 3638 731 3701 Τ
730 3634 849 3702 ertullo
867 3618 1016 3725 orandam
1031 3647 1177 3720 oratore,
1198 3633 1386 3714 causidieo;
1406 3633 1576 3701 Tertullus

255 3762 381 3807 nomen
398 3746 448 3807 est
465 3740 560 3808 baud
573 3740 780 3830 infrequens,
797 3741 1043 3809 deminutivum
1058 3762 1079 3808 a
1093 3739 1217 3821 Tertio,
1234 3745 1272 3807 ut
1284 3739 1433 3807 Catullus
1445 3762 1465 3808 a
1479 3739 1576 3808 Catio

255 3852 289 3912 et
318 3845 477 3912 tuoullus
499 3869 521 3913 a
545 3845 645 3913 Lucio
678 3846 892 3934 (Wetstein),
927 3846 990 3937 qui
1014 3845 1176 3915 adierunt
1199 3841 1393 3937 praesidem
1412 3843 1577 3915 adoneus

258 3950 407 4017 Paulum
431 3957 601 4039 ἑνεράνιοον
622 3951 749 4042 (tato)
766 3952 1011 4023 denuntiarunt
1024 3952 1191 4045 praesidi,
1211 3950 1481 4021 seuindicarunt
1494 3974 1577 4021 oon-

256 4062 310 4122 tra
329 4055 473 4124 Paulum
486 4080 523 4125 se
539 4059 626 4126 rollo
641 4059 890 4126 accusationem
905 4062 1071 4149 prolerre.

205 4230 212 4238 ,
302 4160 517 4230 Causidicum
540 4164 707 4232 adhibent
730 4166 815 4233 iuris
836 4166 968 4232 romani
987 4172 1020 4232 et
1043 4166 1112 4233 litis
1130 4164 1286 4253 agendae
1311 4163 1479 4256 peritum,
1507 4185 1577 4254 quo

257 4268 382 4335 eortius
404 4290 501 4336 suam
526 4271 687 4337 evincant
707 4292 860 4345 oausam:
882 4294 914 4338 r.
937 4277 958 4337 t
980 4284 1013 4339 et
1032 4271 1135 4338 citato
1156 4269 1266 4339 Paulo
1286 4270 1396 4361 coepit
1413 4291 1577 4338 accersere

261 4371 429 4441 Tertullus
449 4374 565 4443 dicem
589 4396 602 4441 .·
622 4397 698 4442 cum
719 4375 755 4442 in
775 4376 883 4442 ntttlta
899 4398 985 4466 pace
998 4400 1144 4467 apertus
1155 4397 1221 4468 per
1234 4388 1268 4444 te
1288 4387 1322 4443 et
1339 4374 1453 4444 atulta
1472 4375 1576 4444 corri-

255 4493 386 4569 qantur
398 4503 465 4571 per
481 4494 577 4549 tuam
591 4481 845 4573 providentiam
862 4490 1066 4571 διορθωμάτων
1083 4494 1246 4572 γινομένων
1260 4481 1297 4550 in
1311 4481 1491 4552 meliorem
1507 4488 1577 4551 sta-

257 4590 332 4652 tum
353 4585 558 4674 redigantur
573 4589 653 4675 huic
667 4590 773 4676 genti,
792 4611 823 4657 r.
842 4595 861 4655 3
880 4612 1012 4681 semper
1027 4603 1059 4659 et
1075 4588 1202 4681 ubique
1214 4587 1433 4679 sttseipt'mtts,
1448 4588 1578 4680 optime

257 4689 356 4757 Felix
376 4715 454 4760 cum
473 4695 570 4761 ontaz'
590 4696 783 4784 pretim-tou
807 4696 941 4764 cretione
959 4704 1053 4787 πάντῃ
1073 4717 1348 4793 quoquove-rsus,
1364 4695 1461 4765 omni
1474 4694 1578 4764 modo
