4010 5474
256 347 315 408 888
609 327 618 337 ’
793 364 859 410 ιιι.
883 348 1037 420 rasi-m.

253 496 401 580 iactant,
419 518 524 588 seque
544 518 686 595 rpmano
698 496 773 563 iure
791 501 825 563 et
845 496 921 582 lege
940 493 1056 561 vivere
1079 491 1168 560 velle
1190 495 1225 558 ct
1238 490 1367 559 debere
1386 494 1579 580 affirmant3

254 601 330 670 illos
349 610 464 672 autem
481 626 516 671 se
532 602 679 670 rebelles
702 601 885 691 praebere,
907 622 985 667 cum
1008 604 1177 669 Romanos
1196 619 1218 666 a
1240 597 1320 686 lege
1333 620 1479 667 romana
1494 600 1581 669 defi-

253 731 329 777 cere
343 710 499 778 doceant.
516 713 598 776 Nam
613 706 693 792 lege
704 726 846 772 romana
859 711 998 774 cautum
1011 711 1085 774 erat
1108 727 1116 776 :
1131 705 1315 798 separatim
1332 726 1436 775 nemo
1455 705 1581 774 habes-

251 816 295 884 sit
307 816 484 884 deosneve
498 833 605 880 novos
615 831 700 879 neve
715 811 864 881 advenas
874 812 939 881 nisi
949 813 1089 904 publice
1103 811 1251 880 adscitos
1266 813 1428 903 privatim
1438 812 1580 885 colunto

252 922 402 1013 (Cicero,
431 919 473 986 de
501 916 637 1004 legibus
664 923 738 1002 8,8;
764 918 865 1009 plura
894 919 972 986 vide
1005 918 1097 1009 apud
1121 920 1335 1001 Mommsen,
1362 918 1581 988 Roemiscbes
1641 960 1645 968 ‚

251 1023 461 1095 Staatsrecht
477 1026 517 1090 lll
537 1029 557 1089 8
573 1046 608 1115 p.
634 1031 731 1109 1177,
754 1026 892 1115 Leipzig
914 1024 1027 1114 1888).
1047 1027 1206 1093 Ceterum
1225 1021 1338 1090 cultus
1355 1029 1534 1093 extraneos
1546 1031 1580 1093 et

250 1129 509 1220 superstitiones
523 1130 649 1199 multas
668 1135 795 1199 Romae
816 1130 903 1198 etin
922 1128 1109 1219 provinciis
1123 1150 1195 1198 esse
1211 1128 1359 1197 tolerata
1374 1132 1408 1196 et
1421 1135 1580 1220 suscepta
1628 1162 1632 1169 ·

252 1240 403 1320 constat;
419 1235 623 1305 ludaeorum
634 1236 758 1324 religio
770 1259 840 1304 non
853 1237 963 1304 solum
980 1236 1128 1305 88188888
1144 1242 1234 1322 8888,
1250 1235 1312 1304 sed
1329 1235 1434 1304 ctiam
1449 1234 1580 1327 aliqui-

250 1342 316 1410 bus
329 1341 523 1433 privilegiis
537 1342 706 1409 honorata
725 1341 782 1431 (88.
803 1341 978 1435 Iosephus,
993 1343 1109 1435 Antiq.
1138 1348 1191 1427 88,
1198 1349 1289 1428 80,8.
1316 1349 1377 1410 80-
1378 1348 1439 1411 88
1430 1341 1574 1430 ,Prile

250 1450 390 1538 legatio
405 1449 450 1518 881
462 1449 530 1516 Car
548 1453 608 1529 83;
623 1443 771 1515 Schttrer
795 1448 819 1516 l.
836 1471 865 1516 8.
883 1453 910 1516 11
925 1448 1102 1539 583888..)

294 1555 360 1624 Sed
374 1553 600 1623 nihilominus
613 1553 776 1644 perfacile
790 1559 864 1623 8888
873 1555 1025 1622 furorem
1041 1553 1177 1646 plebis
1166 1576 1204 1621 888
1218 1554 1365 1623 ludaeos
1383 1506 1533 1623 excitare
1543 1559 1577 1623 88

249 1660 444 1747 generatim
459 1658 576 1727 ludaei
603 1658 682 1726 odio
696 1663 794 1728 erant
814 1665 848 1728 88
870 1661 1080 1751 contemptui
1104 1660 1199 1752 apud
1217 1666 1408 1742 1888888888,
1429 1683 1462 1727 v.
1483 1666 1527 1727 88
1543 1672 1577 1728 et

248 1763 672 1856 cucurritplebsodversus
686 1787 741 1833 888
753 1777 913 1852 συνεπέστη
926 1789 997 1836 uua
1011 1765 1196 1835 insurrexit
1209 1771 1331 1835 contra
1345 1788 1404 1835 eos
1417 1766 1572 1858 (18,88);

247 1870 291 1938 ad
314 1872 365 1939 rei
384 1871 565 1939 veritatem
589 1870 665 1960 (gig
684 1873 907 1963 consurrexit)
931 1873 1073 1941 additur
1097 1874 1133 1941 in
1153 1873 1265 1941 altera
1283 1873 1433 1942 lectione
1452 1872 1575 1941 turbas

246 1977 432 2046 clamantes
446 1977 667 2046 insurrexisse
678 1977 716 2045 in
729 1997 800 2058 eos;
818 1990 851 2047 et
866 1979 1090 2069 mopistratus
1105 1989 1131 2049 ot
1141 1988 1305 2069 στρατηγοί
1314 1978 1431 2047 scissis
1443 1977 1575 2047 88888888

247 2105 365 2152 eorum
381 2085 553 2152 terraemot
570 2105 626 2150 888
651 2082 761 2175 virgis
783 2083 882 2152 caedi
889 2139 900 2172 ,
913 2090 1146 2175 cepaticum
1163 2084 1361 2173 generatim
1380 2085 1420 2153 818
1442 2085 1574 2153 mentio

246 2189 416 2257 scissionis
435 2189 578 2257 vestium
598 2193 676 2257 ante
693 2189 959 2278 flagellationem
981 2191 1039 2281 (88.
1061 2190 1174 2259 Livius
1198 2197 1296 2276 8,38;
1314 2192 1466 2276 Tacitus,
1487 2191 1570 2260 llist.

247 2301 326 2379 887
345 2296 448 2364 888888
470 2300 577 2379 veste,
600 2295 781 2364 verberato
810 2317 966 2388 corpore;
992 2288 1207 2366 1881888188.
1232 2298 1275 2366 de
1298 2296 1435 2388 discipl.
1468 2296 1571 2365 milit.

246 2407 360 2484 8,“1,8;
381 2403 477 2470 Dion.
492 2401 595 2470 halic.
613 2396 691 2486 8,39’
706 2411 759 2487 τὴν
779 2412 887 2488 ἐσθῆτα
905 2408 1160 2495 περικαταρρῆξαι
1173 2404 1269 2493 888).
1290 2406 1384 2470 118888
1402 2404 1573 2471 narratio-

246 2529 326 2575 nem
338 2509 381 2576 de
393 2505 630 2599 persecutione
641 2508 735 2575 8888888
748 2507 885 2577 destitui
897 2507 965 2577 'fide
986 2509 1106 2576 Weiss.
1120 2508 1285 2577 audacter
1293 2509 1416 2576 asserit
1429 2508 1479 2600 (p.
1489 2509 1570 2600 880)

246 2618 280 2680 88
298 2615 468 2683 rationem
482 2614 579 2682 affert
594 2636 633 2682 ex
650 2614 752 2683 modo
764 2614 889 2702 agendi
905 2613 1015 2695 Pauli;
1032 2636 1114 2683 nam
1130 2642 1147 2677 ιι
1171 2616 1220 2682 ila
1233 2615 1361 2683 Paulus
1374 2636 1480 2703 agere
1498 2637 1571 2684 non

243 2720 357 2809 potuit
372 2747 388 2783 u
408 2726 445 2788 ut
459 2719 532 2789 scil.
549 2721 644 2811 prius
658 2720 841 2788 contraius
855 2725 889 2788 et
902 2721 952 2789 fas
965 2743 1000 2789 se
1014 2719 1112 2789 caedi
1126 2720 1357 2811 permitteret,
1374 2744 1445 2812 quo
1459 2721 1570 2789 maio-

241 2847 316 2894 rem
330 2830 450 2916 postea
458 2825 721 2894 satisfactionem
730 2826 931 2917 postularet.
948 2830 993 2895 lle
1007 2826 1238 2896 satisfactione
1252 2825 1388 2895 videad
1399 2849 1434 2894 v.
1450 2834 1566 2896 37-39.

239 2931 308 2999 Alii
322 2954 461 3023 quoque
479 2930 610 3023 (Zeller,
632 2931 765 3023 Ouerb.)
785 2938 913 3021 negant
931 2955 1008 3002 cam
1026 2931 1320 3022 flagellationem,
1340 2933 1425 3025 quia
1443 2932 1570 3002 Paulus

239 3037 325 3106 alias
336 3038 413 3106 iure
431 3061 494 3106 suo
513 3037 659 3105 civitatis
672 3059 834 3106 romanae
854 3060 933 3108 usus
955 3061 1032 3107 eam
1055 3061 1126 3107 non
1147 3038 1359 3129 permiserit.
1379 3044 1505 3107 Verum
1526 3061 1568 3108 ex

238 3143 345 3235 ipsius
373 3143 471 3212 Pauli
496 3144 694 3212 testimonio
717 3145 842 3212 scimus
864 3145 977 3235 ipsum
992 3151 1045 3212 ter
1059 3144 1111 3212 illi
1128 3144 1198 3213 iuri
1212 3146 1430 3213 renuntiasse
1442 3144 1563 3231 (88188.

240 3257 340 3333 88,85
357 3255 410 3318 888
428 3249 534 3338 virgis
550 3271 667 3317 caesus
685 3249 790 3339 sum);
811 3272 872 3318 cur
883 3250 1027 3338 singulis
1042 3250 1079 3318 in
1091 3249 1227 3319 casibus
1244 3273 1317 3319 non
1334 3273 1416 3319 usus
1430 3251 1477 3320 888
1490 3251 1567 3320 iure

238 3378 299 3423 suo
312 3356 500 3435 nescimus;
516 3357 575 3423 sed
588 3353 688 3423 valde
709 3354 871 3423 frivolum
889 3361 938 3424 est
957 3356 1129 3425 affirmare
1145 3378 1226 3425 eum
1246 3357 1408 3426 debuisse
1427 3379 1567 3449 semper

238 3463 291 3530 ius
303 3484 401 3530 suum
417 3462 648 3553 proclamare;
666 3466 700 3529 88
714 3461 779 3529 1888
792 3483 962 3546 asserere,
976 3485 1054 3531 cum
1067 3468 1182 3532 lamen
1197 3463 1271 3532 eius
1284 3464 1395 3555 ipsius
1409 3463 1566 3533 testimo-

238 3567 337 3636 nium
356 3575 377 3635 8
400 3572 475 3637 Cor.
502 3574 601 3651 1125
623 3573 768 3651 constet,
786 3569 903 3636 debuit
923 3591 993 3637 esse
1021 3570 1268 3638 alienissimum
1287 3592 1309 3638 a
1328 3569 1406 3638 viro
1430 3570 1561 3654 critico,

238 3673 427 3743 dummodo
443 3695 561 3742 amans
579 3673 662 3740 velit
681 3695 751 3742 esse
772 3675 937 3756 veritatis;
960 3698 994 3741 v.
1012 3681 1054 3743 83
1075 3687 1108 3743 et
1128 3698 1207 3767 eum
1225 3675 1354 3743 multos
1370 3674 1497 3766 plapas
1516 3676 1564 3743 888

237 3779 495 3870 importarent,
526 3780 694 3848 miserunt
718 3802 774 3849 eos
797 3780 833 3849 in
857 3802 1041 3870 carcerem,
1063 3781 1317 3873 praecipientes
1343 3780 1496 3869 custodi,
1525 3794 1563 3849 ut

236 3885 426 3977 clitipenter
442 3886 625 3955 custodiret
650 3907 726 3972 eos,·
753 3890 890 3976 ἀσρα).ῶς
913 3891 1005 3971 88888;
1033 3887 1147 3980 plagis
1171 3887 1242 3956 illis
1259 3888 1351 3956 888818
1370 3887 1561 3957 admodum

236 4014 353 4061 eorum
370 4014 515 4083 corpora
527 3992 648 4061 habita
661 3993 779 4079 fuisse;
793 3994 917 4083 collige
936 4017 1073 4086 quoque
1086 4017 1126 4062 ex
1137 4015 1171 4063 8.
1186 4001 1247 4077 33;
1261 3995 1327 4062 1888
1336 3995 1465 4086 plagae
1480 3995 1561 4063 illae

233 4103 313 4167 aunt
331 4120 478 4190 quarum
494 4099 656 4187 stigmata
675 4101 796 4168 Paulus
820 4101 953 4192 corpori
975 4124 1039 4171 suo
1059 4102 1229 4193 impressa
1249 4123 1322 4170 esse
1338 4099 1561 4190 gloriabatur

236 4206 322 4297 (Gal,
339 4213 438 4288 u‚1·1;
459 4206 582 4296 Patr.).

279 4317 397 4383 Custos
415 4312 599 4402 diligenter
613 4298 833 4405 pracceptum
847 4316 1054 4405 exsequitur,
1069 4318 1107 4380 ut
1126 4325 1198 4381 tuto
1214 4311 1456 4381 custodiantur
1471 4335 1504 4381 v.
1515 4319 1557 4383 88

235 4421 298 4515 qui
317 4442 394 4490 88888
414 4418 482 4488 8818
490 4430 710 4512 praeceptum
728 4421 927 4512 accepisset,
944 4421 1036 4489 8888888
1048 4443 1104 4488 888
1119 4420 1157 4487 in
1171 4418 1371 4488 antenorem
1389 4441 1557 4488 carcerem

235 4541 267 4598 et
280 4526 389 4620 pedes
405 4549 523 4594 eorum
539 4524 681 4594 strinxit
701 4525 814 4617 liqna·
832 4525 901 4594 duo
920 4527 1036 4620 itaque
1061 4526 1143 4596 facit
1165 4526 1211 4594 ad
1231 4525 1401 4594 tutissime
1420 4547 1479 4595 eos
1497 4550 1559 4595 cu·

234 4634 448 4717 audiendos,
466 4634 560 4702 misit
573 4655 631 4702 eos
644 4632 680 4700 in
689 4632 846 4700 intimam
861 4640 992 4725 partem
1004 4632 1162 4717 carceris,
1175 4640 1209 4702 88
1219 4633 1364 4725 insuper
1373 4639 1556 4722 ἠσφαλίσατο

234 4740 350 4810 firmos
364 4739 532 4825 reddidit,
548 4741 694 4809 firmiter
708 4737 885 4808 adstrinxit
912 4740 1016 4833 pedes
1037 4763 1158 4810 eorum
1182 4739 1378 4828 claudendo
1401 4739 1476 4810 scil.
1498 4760 1557 4808 eos
