4010 5474
987 367 1055 411 aar.
1078 352 1240 420 tata-24.
1718 353 1777 414 377

451 501 597 567 alligasset
619 517 694 556 eum.
716 505 759 556 ³0.
782 504 900 555 Postera
918 504 1012 554 autem
1031 502 1091 562 die,
1131 497 1245 570 ἐπαύριον
1284 499 1436 570 βουλόμενος
1463 505 1558 572 γνῶναι
1594 502 1624 555 τὶν
1655 500 1777 572 ἀσφαλὲς,

344 656 346 661 4
451 591 550 645 rolens
575 595 648 645 scire
674 592 839 655 dlllgentlus
863 603 921 655 qus
948 604 983 642 ex
1008 604 1094 642 causa
1130 587 1159 640 rb
1196 588 1221 642 rt
1250 590 1429 660 κατηγορεῖται
1469 587 1517 642 trab
1550 593 1600 641 τῶν
1636 587 1777 649 Ἰουδαίων.

451 687 629 733 accusaretur
652 693 670 730 a
697 678 824 739 ludaeis,
852 679 938 731 soluit
961 693 1040 740 cum,
1065 684 1094 731 et
1129 676 1216 731 ἔλυσεν
1257 677 1332 731 αὐτὸν
1381 677 1423 731 καὶ
1474 675 1603 731 ἐκέλευσεν
1650 678 1779 731 συνελθεῖν

449 771 530 820 iussit
543 767 703 818 sacerdotes
717 768 870 818 convenire
884 774 913 820 ct
927 781 1093 819 omnecon·
1129 766 1185 829 τοὺς
1211 765 1336 839 ἀρχιερεῖς
1370 767 1413 819 καὶ
1440 768 1491 820 πᾶν
1521 766 1551 819 τὸ
1581 765 1708 835 συνέδριον
1736 765 1780 818 καὶ

449 857 558 915 clltum;
585 860 613 906 et
642 855 801 919 producens
827 856 963 919 Paulum,
992 858 1093 909 statuit
1128 855 1279 926 καταγαγὼν
1315 855 1359 908 τὀν
1396 846 1497 908 fleatur
1526 854 1629 922 ἔστησεν
1666 851 1699 915 rte
1736 852 1778 904 ab·

449 943 608 995 interillos.
1128 943 1196 1005 τούς.

484 1142 517 1192 ln
528 1153 556 1190 ν.
574 1141 606 1192 33
621 1141 645 1191 D
660 1153 708 1203 syr
724 1139 844 1193 Gasslod
857 1140 907 1203 glg
920 1139 1066 1203 pulverem
1085 1143 1115 1191 ln
1132 1141 1252 1194 eoelum.
1267 1124 1300 1192 ln
1316 1155 1345 1191 v.
1361 1140 1395 1192 tl
1409 1140 1460 1205 glg
1472 1138 1595 1206 flagellis
1608 1152 1675 1191 eum
1689 1142 1776 1192 lnter·

449 1232 551 1295 rogari.
573 1230 607 1281 ln
625 1243 652 1279 v.
671 1228 706 1279 36
725 1229 748 1278 Ι)
772 1227 822 1278 137
842 1227 899 1279 add
916 1241 956 1276 οτι
974 1243 1085 1295 papates
1110 1243 1197 1279 εαυτον
1215 1226 1300 1296 terat,
1316 1231 1366 1295 gig
1384 1230 1451 1294 qula
1471 1231 1560 1280 cluam
1581 1241 1730 1279 romanum
1745 1241 1776 1280 se

448 1330 511 1371 esse
521 1299 603 1368 alsit.
618 1318 651 1368 ln
662 1329 690 1366 ν.
707 1314 741 1365 38
757 1315 836 1366 Beda
851 1328 858 1365 ε
872 1315 928 1366 alia
941 1315 1028 1367 edltlo
1042 1316 1218 1369 manifestius
1231 1318 1299 1383 quid
1317 1317 1418 1369 dixerit
1435 1317 1562 1368 lnslnuat
1577 1331 1584 1367 :
1600 1317 1673 1368 dlxit
1685 1317 1777 1368 trlbu·

448 1420 520 1457 nus:
536 1410 595 1455 tam
608 1404 691 1455 faule
704 1403 774 1455 dicis
787 1404 879 1456 elram
893 1417 1042 1463 romanum
1056 1405 1136 1457 esse?
1148 1418 1203 1470 ego
1215 1408 1292 1457 enim
1307 1406 1367 1457 selo
1380 1407 1489 1470 quanto
1505 1406 1598 1470 pretio
1610 1405 1777 1457 clvllltatem

447 1498 530 1545 istam
550 1493 678 1557 possode
703 1492 836 1544 slmlllter
855 1496 950 1544 versio
970 1494 1127 1545 bohemica.
1150 1494 1184 1544 ln
1203 1508 1230 1545 r.
1247 1495 1281 1546 29
1302 1494 1357 1546 add
1376 1494 1415 1558 pn
1436 1492 1467 1545 c*
1489 1493 1538 1545 137
1557 1509 1599 1543 και
1621 1509 1778 1563 παραχρημα

448 1579 533 1633 clocas
548 1595 637 1643 aaran
653 1583 707 1632 sim
723 1580 852 1633 Cassiod.
1547 1604 1550 1609 ·

491 1777 599 1853 Quam
618 1774 771 1864 primum
785 1772 935 1840 audiunt
948 1772 1092 1841 Paulum
1110 1796 1263 1843 asserere
1277 1797 1313 1843 se
1329 1774 1470 1842 missum
1486 1794 1558 1842 esse
1570 1796 1591 1842 a
1605 1775 1718 1843 llessia
1733 1775 1779 1843 ad

447 1887 582 1970 gentes,
598 1901 717 1948 eorum
735 1879 833 1947 furor
851 1878 957 1948 etiam
977 1881 1090 1968 magis
1101 1902 1207 1970 quam
1222 1886 1324 1950 antea
1337 1879 1540 1963 exardescit.
1558 1884 1606 1949 Ea
1617 1880 1712 1949 enim'
1729 1903 1779 1949 as·

446 1987 593 2056 sectione
619 1991 757 2054 censent
782 1992 817 2054 et
842 1985 947 2076 plane
975 1986 1175 2055 confirmari
1195 1986 1343 2055 crimina
1366 1986 1472 2056 Paulo
1489 1987 1628 2056 obiecta
1645 1974 1777 2078 (atat)

447 2102 534 2161 etse
553 2114 635 2184 prae
654 2091 850 2159 idololatris
866 2092 1083 2183 contemptui
1102 2093 1240 2173 haberi3
1261 2116 1293 2160 v.
1310 2098 1354 2160 22
1366 2091 1556 2161 audiebant
1568 2106 1684 2160 autem
1698 2115 1778 2161 eum

447 2221 554 2288 usque
575 2197 624 2266 ad
643 2198 706 2265 boc
731 2195 872 2265 nobum
896 2210 931 2265 et
954 2196 1153 2267 [maneum
1174 2220 1288 2266 vocem
1307 2220 1407 2267 suam
1430 2197 1582 2267 diceutes
1601 2219 1615 2266 .·
1634 2197 1714 2267 tolle
1733 2196 1777 2267 dc

448 2317 539 2373 terra
561 2303 780 2389 huitumodi;
796 2326 867 2371 noa
888 2303 982 2372 caim
1004 2305 1130 2392 fuscat
1149 2325 1228 2372 eum
1247 2304 1381 2392 viuere,·
1393 2311 1428 2373 et
1440 2305 1478 2373 in
1495 2310 1662 2396 quantum
1677 2306 1775 2373 furor

447 2433 567 2480 eorum
588 2411 663 2502 ipsa
684 2410 843 2479 oratione
864 2409 963 2479 Pauli
985 2410 1151 2495 creverit,
1169 2433 1239 2502 qua
1257 2410 1330 2481 scil.
1347 2411 1440 2481 inter
1458 2412 1528 2479 alia
1542 2416 1653 2480 lesum
1670 2428 1774 2502 quem

447 2516 500 2586 illi
529 2518 609 2586 odio
635 2518 766 2585 babent
795 2516 986 2585 declaravit
1012 2519 1167 2587 blessiam
1188 2518 1257 2585 sibi
1281 2524 1524 2611 apparentem,
1555 2518 1767 2608 loquentem,

447 2623 640 2692 declaratur
653 2647 685 2693 v.
708 2630 750 2690 23
769 2623 1039 2711 vociferantibus
1053 2637 1173 2693 autem
1189 2624 1238 2692 eis
1253 2637 1288 2692 et
1295 2623 1562 2715 proiicicntibus
1574 2623 1777 2692 uestimenta

445 2754 508 2799 sua
532 2742 710 2820 ῥιπτούντων
727 2752 808 2798 cum
819 2730 1005 2815 iactarent,
1022 2732 1248 2800 vehementer
1259 2730 1432 2817 agitarent
1448 2731 1652 2799 vestimenta
1667 2730 1774 2820 (Beel.

446 2837 533 2905 Feta.
571 2836 708 2918 Weudt,
738 2836 809 2925 Bt.)
837 2838 884 2905 ita
908 2836 985 2904 Chr.
1012 2860 1153 2928 quoque
1179 2861 1187 2906 :
1209 2844 1259 2906 καὶ
1278 2840 1314 2905 τὰ
1334 2842 1434 2921 ἱμάτια
1455 2842 1689 2923 instructurae,
1718 2836 1778 2904 alii

445 2943 585 3031 abiecta
603 2965 675 3011 esse
698 2944 905 3011 vestimenta
922 2942 1047 3010 volunt
1066 2953 1103 3011 ut
1122 2941 1319 3010 indicarent
1336 2963 1411 3010 sese
1430 2943 1615 3030 accingere
1631 2942 1676 3011 ad
1696 2963 1777 3011 eum

445 3048 690 3139 lapidandum3
717 3070 840 3116 rerum
864 3070 945 3117 oum
964 3048 1001 3116 in
1023 3053 1258 3117 Romanorum
1277 3054 1364 3115 esset
1381 3054 1568 3139 potestate,
1589 3048 1646 3116 vix
1663 3048 1708 3118 de
1726 3048 1777 3116 la·

445 3154 621 3245 pidatione
643 3154 687 3222 iis
710 3154 747 3221 in
771 3160 925 3222 mentem
943 3154 1048 3222 venit.
1072 3155 1135 3222 llla
1153 3153 1293 3223 iactatio
1310 3153 1366 3222 vel
1380 3154 1409 3221 si
1424 3154 1588 3223 malueris
1605 3176 1684 3224 cum
1699 3154 1776 3223 aliis

444 3260 610 3352 proiectio
641 3260 923 3328 vestimentorum
958 3259 1211 3349 indignationis
1233 3261 1429 3352 furorisque
1453 3267 1699 3349 argumentum
1723 3268 1775 3329 est

445 3367 588 3457 (Golm.)
610 3366 698 3435 sicut
716 3367 850 3457 pariter
865 3379 899 3433 ct
917 3366 1102 3457 pulverum
1116 3367 1326 3436 iactantibus
1341 3367 1378 3435 in
1392 3387 1524 3451 aerem,
1545 3389 1615 3459 quo
1630 3368 1774 3436 Paulum

444 3474 545 3543 obrui
568 3495 609 3541 ao
628 3472 791 3541 aullocari
814 3472 943 3541 debere
961 3474 1174 3565 exprimunt,
1192 3482 1226 3542 et
1246 3474 1442 3561 generatim
1461 3472 1575 3541 rabies
1598 3472 1772 3565 impotens

444 3579 759 3648 vehementioribus
775 3579 933 3666 gestibus
951 3584 985 3648 et
1004 3601 1106 3648 caeco
1121 3581 1154 3647 in
1171 3601 1226 3648 res
1239 3581 1371 3669 impetu
1387 3579 1601 3647 manifestari
1616 3585 1651 3647 et
1664 3582 1772 3648 exseri

443 3684 541 3753 solet.
568 3686 764 3753 Orationem
785 3687 994 3753 aramaicam
1015 3686 1175 3754 tribunus
1192 3707 1263 3754 non
1282 3683 1463 3754 intellexit.
1482 3684 1641 3753 Tumultu
1660 3684 1772 3776 plebis

444 3791 535 3860 videt
550 3792 690 3879 egregie
712 3813 748 3858 se
766 3813 839 3859 esse
859 3792 1057 3883 deceptum,
1077 3813 1156 3859 cum
1177 3797 1332 3882 speraret
1353 3791 1428 3860 tore
1449 3797 1488 3859 ut
1507 3792 1603 3859 Pauli
1616 3792 1771 3861 oratione

442 3897 591 3989 impetus
608 3896 799 3966 sedaretur.
820 3897 915 3967 Unde
933 3898 1008 3989 ipse
1022 3898 1135 3985 magis
1149 3896 1351 3985 indignatus
1365 3902 1400 3965 et
1417 3896 1560 3966 Paulum
1575 3897 1690 3967 virum
1704 3897 1772 3967 exi·

442 4004 584 4072 stimans
598 4003 829 4072 sanncrosnm
845 4026 878 4071 v.
896 4009 939 4072 at
956 4002 1057 4070 irrssr't
1072 4002 1230 4071 tribunus
1244 4000 1368 4071 induci
1380 4025 1459 4071 eam
1478 4002 1517 4071 in
1535 4017 1648 4073 castra
1661 4015 1695 4072 et
1705 4005 1772 4095 lla·

442 4109 543 4201 pellis
564 4107 662 4178 caedi
679 4122 713 4176 ct
734 4109 890 4199 torqueri
908 4131 1004 4193 error,
1028 4130 1098 4176 una
1120 4108 1271 4178 dictione
1293 4130 1419 4197 graeca
1436 4108 1475 4177 id
1493 4111 1703 4193 enuntiatur,
1720 4111 1771 4179 uti

442 4219 504 4306 gig
518 4239 657 4307 quoque
674 4237 682 4284 :
704 4214 852 4304 flagellis
869 4215 1096 4304 interrogari;
1112 4215 1216 4307 proin
1229 4213 1378 4305 flagellis
1394 4217 1630 4306 quaestionem
1641 4217 1679 4285 in
1690 4237 1770 4285 eum

444 4323 581 4403 haberi,
608 4345 713 4414 quem
735 4322 806 4390 iam
828 4321 967 4391 sceleris
988 4323 1185 4391 convictum
1210 4344 1281 4391 esse
1309 4320 1471 4414 putabat;
1492 4322 1621 4391 licebat
1639 4321 1770 4414 quippe

443 4451 557 4498 aarum
582 4437 616 4497 et
639 4430 840 4520 peregrinos
860 4429 1042 4498 tormentis
1061 4428 1297 4517 interrogare,
1317 4442 1356 4496 ut
1381 4427 1483 4496 sciret
1499 4439 1768 4519 propterquam

444 4557 585 4604 carosam
597 4536 644 4603 sic
659 4535 894 4604 acclamarent
907 4535 952 4603 ei.
1095 4623 1097 4627 .

490 4642 551 4712 Rei
562 4641 769 4711 christianae
783 4643 900 4711 fuisset
911 4662 1041 4729 magno
1052 4641 1276 4724 detrimento,
1293 4640 1460 4709 siPaulus
1474 4662 1571 4710 more
1588 4663 1766 4711 servorum

445 4749 564 4821 fuisset
580 4746 777 4835 flagellatus
806 4771 920 4840 neque
943 4748 1089 4817 decebat
1116 4749 1220 4818 talem
1242 4748 1340 4839 quasi
1359 4747 1626 4817 satisfactionem
1645 4770 1767 4818 conce·
