4092 5490
241 317 302 377 noo
805 333 873 378 scr.
895 318 998 391 ispo.

241 474 355 533 terum
384 463 508 533 videl
539 468 616 533 Cor.
639 472 716 549 5,1;
743 473 896 549 o‚12-20.
917 467 1072 535 Alterum
1102 470 1152 532 est
1180 463 1447 530 fornicationem
1474 465 1569 556 apud

244 577 363 658 gentes
376 569 534 639 habitam
547 571 651 638 tuine
666 594 741 639 rem
757 572 1020 653 indifferentem,
1046 573 1118 639 imo
1135 568 1284 650 licitam3
1305 570 1377 636 imo
1399 568 1505 635 etiam
1523 572 1570 637 ad

241 699 378 745 sacram
406 677 583 745 idolorum
606 676 738 743 cultum
769 677 863 745 hand
889 699 969 744 ram
998 677 1214 765 pertinuisse.
1240 680 1364 745 Notum
1394 675 1570 764 estquod

240 784 334 852 llicio
352 783 446 874 apud
468 781 664 849 Terentium
689 781 774 847 dicit
796 804 805 849 :
831 803 900 847 non
921 787 971 847 est
991 781 1176 867 flagitium,
1200 781 1289 848 mihi
1311 786 1425 862 crede,
1450 779 1570 848 adole·

239 889 434 958 scentnlum
451 887 594 954 scortari
612 883 767 975 (Adelph.
784 889 809 966 Ι,
834 887 939 974 221).
957 891 997 952 Et
1021 885 1095 975 ipse
1111 885 1228 952 Cicero
1244 887 1295 952 ita
1308 909 1472 976 perorare
1496 909 1569 955 aon

239 1002 406 1063 veretur:
431 1012 550 1058 verum
571 992 599 1057 si
622 992 698 1080 quis
716 997 784 1074 est,
807 991 869 1081 qui
894 991 998 1059 etiam
1027 989 1230 1059 meretriciis
1254 991 1432 1059 amoribus
1456 994 1565 1062 inter·

237 1101 367 1168 dictum
395 1096 567 1165 iuventuti
586 1102 698 1187 putet,
714 1103 766 1166 est
783 1096 843 1164 ille
861 1097 1004 1187 quidem
1029 1097 1130 1166 valde
1149 1118 1288 1166 severus
1313 1117 1323 1164 ε
1344 1119 1474 1185 negare
1494 1120 1563 1166 non
1644 1149 1648 1155 .

237 1224 392 1296 possum;
415 1202 479 1270 sed
501 1201 665 1270 abhorret
692 1226 762 1271 non
790 1203 892 1272 modo
913 1204 958 1273 ab
980 1203 1083 1273 huius
1104 1203 1235 1272 saeculi
1258 1202 1414 1287 lieentia,
1442 1223 1562 1270 verum

238 1307 344 1377 etiam
365 1331 387 1376 a
412 1308 585 1378 maiorum
607 1309 854 1378 consuetudine
878 1316 982 1399 atque
1001 1310 1184 1378 concessis.
1210 1311 1354 1390 Quando
1380 1310 1474 1378 enim
1498 1309 1565 1377 hoe

239 1416 371 1485 iactum
397 1438 472 1484 non
498 1417 569 1483 est?
598 1415 739 1505 quando
772 1415 1038 1505 reprehensum?
1065 1414 1207 1506 quando
1233 1438 1308 1484 non
1336 1418 1564 1505 permissum?

239 1522 378 1613 wando
390 1521 538 1610 deniqne
550 1520 615 1588 iuit
633 1525 672 1586 nt
685 1520 779 1611 quod
798 1520 878 1588 licet
898 1543 967 1588 non
985 1521 1104 1589 liceret
1118 1521 1182 1610 (or.
1206 1543 1281 1612 pro.
1297 1522 1413 1590 Coelio
1427 1523 1508 1609 ²⁰l?
1523 1527 1564 1588 lit

239 1627 397 1695 Horatius
412 1626 526 1715 (Satin
544 1629 568 1706 l,
585 1629 618 1692 2.
637 1631 676 1692 31
700 1627 786 1715 seq.)
814 1645 823 1693 :
846 1624 988 1715 quidem
1008 1630 1112 1693 notos
1129 1627 1236 1693 homo
1260 1647 1341 1693 eum
1359 1626 1472 1694 exiret
1491 1626 1563 1693 ior-

237 1733 315 1799 niee
328 1758 345 1792 «
363 1735 474 1798 macte
487 1729 619 1796 Virtute
632 1735 703 1798 esto
715 1757 747 1812 ν,
761 1729 875 1820 inquit
884 1731 1053 1799 sententia
1063 1730 1124 1799 die
1137 1733 1286 1814 Catonis,
1303 1735 1388 1799 Nam
1402 1731 1508 1798 simul
1521 1751 1569 1805 ac,

236 1857 340 1905 venas
352 1836 486 1904 intlavit
505 1840 615 1904 taetra
632 1835 758 1920 libido,
776 1839 845 1903 lluc
865 1835 1006 1905 iuvenes
1026 1858 1178 1928 aequum
1199 1843 1253 1905 est
1271 1835 1493 1905 descendere.
1509 1836 1559 1903 hd

237 1942 333 2034 quod
347 1942 585 2034 Porphyrion:
600 1941 753 2011 laudavit
771 1942 966 2012 existimans
982 1942 1165 2011 libidinem
1184 1942 1469 2034 compescendam
1486 1963 1561 2010 esse

238 2051 313 2117 sine
331 2048 492 2129 crimine;
515 2052 679 2117 etheron
698 2053 859 2117 Catonem
881 2049 964 2117 iacit
983 2050 1156 2118 dicentem
1177 2070 1186 2120 ε
1212 2048 1504 2137 adolescens-ego
1526 2054 1560 2116 te

237 2154 394 2235 laudavi,
412 2160 590 2245 tamquam
605 2155 674 2223 huc
686 2154 861 2223 interdum
879 2155 1012 2224 venires
1026 2155 1087 2245 (ci.
1107 2155 1228 2244 liitter,
1243 2144 1558 2236 nontii'earmina,

239 2266 347 2329 Serm.
363 2266 388 2343 1,
410 2267 445 2327 2.
462 2261 533 2348 31).

279 2474 392 2553 ltagna
404 2474 516 2534 tamen
530 2476 580 2534 est
593 2472 678 2534 inter
691 2472 884 2553 interpretes
898 2472 938 2535 de
951 2473 1012 2534 hae
1024 2472 1135 2554 πορνείᾳ
1150 2473 1351 2554 disceptatio.
1369 2472 1494 2535 Placuit
1510 2476 1560 2533 sat

239 2568 352 2632 multis
364 2586 476 2631 vocem
490 2569 608 2632 reterre
627 2569 668 2631 ad
688 2572 762 2632 Lev.
780 2572 848 2645 18,1
869 2587 938 2650 seq.
953 2572 993 2632 ad
1011 2571 1261 2651 prohibitionem
1277 2570 1559 2633 matrimoniomm

237 2667 496 2730 incestuosorum
515 2667 549 2727 in
565 2667 720 2746 proximis
738 2668 1028 2747 consanguinitatis
1046 2667 1099 2730 vel
1119 2667 1281 2730 affinitatis
1297 2667 1461 2748 grafflbns.
1479 2668 1558 2728 Nam
1612 2700 1618 2707 ·

237 2764 310 2825 Lea.
329 2764 399 2835 l'l,7
418 2763 607 2842 prohibetur
626 2764 730 2826 cultus
747 2763 966 2826 idololatricus
986 2764 1188 2840 sacrificalis,
1208 2766 1311 2840 l'l,l0.
1333 2766 1430 2826 12-11
1447 2762 1558 2843 prohi-

237 2860 331 2922 betur
342 2859 498 2921 comestio
516 2860 678 2939 sanguinis
697 2860 742 2940 (et
760 2865 992 2940 consequenter
1005 2862 1150 2924 suffocati
1169 2878 1314 2941 quoque,
1329 2862 1406 2941 quia
1419 2861 1559 2923 suffoca-

238 2961 308 3018 tum
332 2957 451 3018 animal
476 2956 636 3018 retinebat
659 2956 875 3038 sanguinem);
897 2957 983 3019 unde
1005 2975 1147 3038 pronum
1170 2958 1344 3020 videbatur
1366 2956 1492 3037 πορνείαν
1521 2976 1558 3020 ex

237 3051 352 3115 eodem
371 3053 443 3115 loco
462 3054 621 3134 explicare
643 3053 693 3134 (ci.
716 3052 891 3136 Lightsmt
919 3056 994 3118 lior.
1014 3055 1109 3117 hebr.
1134 3054 1174 3117 ad
1196 3054 1229 3116 h.
1249 3054 1272 3116 l.
1302 3053 1425 3133 Wenll,
1450 3052 1502 3115 Bt.
1525 3060 1559 3118 et

236 3150 333 3212 huius
362 3151 540 3213 sententiae
568 3158 719 3231 patronos
743 3152 861 3214 multos
884 3155 1071 3213 enumerant
1095 3149 1213 3212 Sciens
1236 3171 1269 3232 p.
1299 3152 1359 3213 121
1381 3168 1448 3231 seq.
1474 3150 1555 3212 Feli.

244 3244 378 3329 Wendt),
396 3247 535 3310 Eandem
551 3249 742 3311 sententiam
762 3248 858 3310 etiam
874 3246 1007 3331 Cornely
1021 3253 1216 3330 propugnat,
1233 3248 1398 3328 apostolos
1416 3248 1557 3327 neophy-

236 3346 278 3407 tis
297 3344 450 3416 ethnicis,
467 3344 512 3407 uti
533 3362 624 3407 esum
644 3344 773 3407 illorum
793 3345 939 3407 ciborum
956 3364 977 3407 a
995 3346 1114 3425 quibus
1134 3345 1242 3408 ludaei
1264 3345 1495 3419 abhorrebant,
1511 3344 1556 3406 ita

236 3443 334 3504 eliam
358 3442 565 3504 matrimonia
586 3442 668 3504 inter
687 3442 937 3521 consanguineos
957 3448 990 3505 et
1012 3444 1124 3506 atllnes
1145 3443 1231 3506 iuxta
1252 3443 1362 3523 legem
1382 3442 1555 3504 mosaicam

236 3540 438 3603 interdixisse
452 3538 643 3620 (comment.
656 3539 690 3600 in
704 3542 721 3601 1
737 3540 806 3602 (lor.
819 3557 851 3619 p.
866 3541 949 3618 lili).
961 3540 1138 3603 Dilllcullas
1152 3545 1261 3603 nmen
1273 3540 1367 3603 estin
1376 3540 1552 3620 ipsavoce;

233 3654 309 3699 narn
329 3637 391 3700 etsi
411 3654 473 3699 vox
492 3635 585 3698 hebr.
608 3651 682 3703 nain
698 3635 823 3699 dicatur
841 3636 924 3714 apud
943 3636 1149 3699 talmudistas
1170 3637 1210 3698 de
1228 3654 1420 3716 unaquaque
1437 3636 1556 3698 semina

233 3736 327 3797 cuius
339 3750 529 3813 congressus
544 3732 829 3811 consanguinitatis
843 3750 939 3794 causa
956 3733 988 3794 in
1008 3733 1079 3814 lege
1099 3737 1149 3795 est
1166 3732 1351 3813 prohibitus
1371 3734 1431 3796 sub
1450 3749 1555 3813 poena

233 3831 422 3903 excisionis,
438 3830 484 3891 ita
499 3835 536 3892 ul
549 3829 610 3891 hae
624 3828 749 3891 ratione
762 3833 876 3901 mater,
891 3846 990 3903 soror,
1005 3830 1072 3891 lilia
1086 3834 1146 3893 etc.
1159 3835 1292 3893 vocetur
1306 3845 1381 3900 nita
1392 3828 1552 3910 (Buetors,

233 3930 307 3990 Lea.
323 3928 411 3989 talm.
430 3946 463 4007 p.
485 3925 588 4008 1663),
610 3931 718 3988 tamma
738 3926 961 3989 difficillimum
980 3932 1030 3990 est
1048 3927 1228 4011 intellectu,
1249 3946 1306 3991 cur
1324 3927 1364 3990 ad
1385 3927 1467 3990 hanc
1483 3943 1554 3989 rem

232 4023 461 4104 designandam
483 4043 545 4086 vox
566 4023 785 4087 fornicationis
808 4041 864 4086 seu
884 4026 1084 4086 scortationis
1105 4026 1148 4087 sit
1166 4026 1300 4101 selecta,
1322 4026 1372 4087 vel
1392 4023 1554 4105 quomodo

232 4122 351 4185 ethnici
365 4121 489 4200 πορνείαν
504 4123 562 4183 hac
576 4120 707 4200 speciali
728 4121 857 4184 notione
871 4123 1038 4201 potuerint
1053 4123 1250 4202 intelligere;
1265 4139 1372 4202 neque
1390 4139 1428 4183 ex
1446 4123 1461 4182 l
1480 4122 1551 4183 Cor.

233 4223 282 4287 al
299 4224 405 4300 potest
420 4219 533 4281 deduci
548 4235 659 4281 vocem
674 4220 735 4281 hac
752 4219 935 4299 particulari
952 4220 1188 4300 significatione
1203 4220 1302 4282 inisse
1321 4236 1386 4281 usu
1400 4217 1487 4297 apud
1500 4235 1553 4279 ve-

103 4333 108 4340 ’
209 4304 212 4313 ’
233 4326 317 4382 teres
340 4323 515 4398 receptam.
536 4316 743 4395 Respondent
766 4317 863 4396 aliqui
882 4316 1002 4396 legatos
1021 4317 1138 4379 missos
1161 4333 1231 4378 esse
1252 4332 1329 4377 cum
1350 4315 1478 4378 decreto
1497 4314 1551 4394 qui

232 4417 310 4480 illud
326 4414 529 4496 interpretari
540 4417 572 4476 et
581 4412 705 4494 πορνείαν
715 4431 753 4475 ea
764 4412 895 4475 notione
907 4411 1066 4474 declarare
1082 4411 1252 4476 debebant.
1264 4411 1382 4490 Utique
1392 4409 1552 4473 eiusmodi

232 4515 407 4577 declaratio
433 4530 593 4593 perquam
618 4510 800 4573 necessaria
828 4515 909 4585 erat;
935 4509 991 4572 sed
1019 4510 1132 4572 malim
1159 4525 1326 4571 assumere
1355 4508 1552 4588 legislatores

232 4614 393 4691 apostolos
418 4613 451 4674 in
477 4612 546 4692 lege
569 4608 736 4674 condenda
758 4625 870 4671 vocem
892 4608 1043 4688 selegisse
1068 4607 1199 4679 claram,
1225 4623 1263 4668 ex
1291 4624 1350 4668 usa
1378 4606 1551 4687 linguaque

231 4711 395 4773 communi
414 4711 564 4790 petitam,
585 4726 650 4771 non
669 4706 927 4786 aenigmaticam,
947 4723 1044 4785 quam
1062 4703 1192 4766 tandem
1211 4703 1337 4767 discere
1357 4704 1448 4765 nobis
1468 4719 1551 4783 opus
