4154 5452
251 324 310 386 180
554 334 556 339 ’
693 391 697 397 ,
721 290 725 294 .
823 344 889 389 scr.
911 328 993 401 9,43.

296 476 378 541 Cum
397 473 515 565 itaque
528 474 589 542 illo
603 474 764 566 prodigio
780 474 903 541 ostium
921 477 1079 561 apertum
1094 475 1181 537 esset
1195 471 1373 557 evangelio
1387 477 1506 538 Petrus
1519 473 1569 540 ibi

249 580 416 648 remansit
438 605 471 649 v.
495 568 687 671 tasonem
705 591 755 646 est
770 590 901 660 autem,
921 588 959 642 ut
979 574 1051 642 dies
1063 575 1190 643 multos
1204 588 1396 644 moraretur
1412 575 1451 642 in
1463 577 1569 666 Ioppe

249 686 348 778 opud
364 688 539 756 Simonem
560 682 733 776 quendam
758 681 966 766 coriarium·
983 682 1077 773 apud
1094 685 1238 750 Graecos
1258 690 1294 751 et
1310 683 1404 774 apud
1426 681 1569 750 ludaeos

250 794 389 863 coriarii
411 799 556 883 propter
583 787 837 855 immunditiem
865 789 947 855 ariis
972 797 1071 857 erant
1094 789 1270 880 despectui
1288 789 1380 879 (vide
1413 787 1566 876 Wctst.);

251 900 387 968 ludaeis
408 895 588 983 negotium
608 893 779 984 imprimis
797 904 870 962 erat
884 894 1117 978 immundum,
1137 917 1218 962 nam
1234 918 1242 960 z
1260 897 1319 983 qui
1332 895 1478 963 cadaver
1490 895 1568 962 teti-

247 1006 354 1094 gerit,
380 1000 582 1069 immundus
610 1000 675 1067 erit
697 1022 803 1091 usque
827 1002 870 1069 ad
895 1023 1069 1091 vesperam
1097 1001 1190 1090 (Lev.
1219 998 1567 1090 11,39),ubitamen

246 1101 365 1198 agitur
388 1107 432 1174 de
453 1105 660 1175 animalibus
684 1106 822 1174 mundis
841 1130 928 1197 quae
951 1113 1086 1174 mortua
1104 1105 1340 1196 reperiuntur;
1364 1126 1447 1174 nam
1469 1127 1567 1173 mun-

245 1215 372 1283 dorum
392 1213 583 1281 occisorum
609 1212 667 1303 (sd
691 1235 770 1280 usus
788 1234 901 1280 sacros
923 1211 978 1278 vel
996 1212 1171 1301 profanos)
1194 1217 1368 1280 contactus
1387 1215 1458 1280 non
1482 1235 1565 1301 pro-

245 1319 463 1389 scribebatur
479 1320 538 1409 (cl.
554 1319 597 1386 de
610 1319 868 1399 Httmmelouer,
879 1322 1065 1385 Comment.
1079 1318 1118 1386 in
1133 1324 1191 1388 Ex.
1208 1324 1285 1387 Lev.
1302 1343 1338 1410 p.
1355 1319 1447 1412 tin).
1465 1318 1564 1386 lllam

244 1429 363 1517 itaque
391 1450 481 1518 quae
511 1415 770 1493 existimabatur
795 1424 876 1491 artis
904 1410 1154 1492 immunditiem
1179 1448 1250 1493 non
1277 1425 1417 1495 curabat
1447 1430 1565 1493 Petrus

245 1554 360 1624 neque
374 1531 522 1623 putabat
536 1531 702 1598 damnum
717 1530 838 1597 inlerri
852 1530 903 1596 rei
922 1530 1138 1613 christianae,
1154 1533 1183 1598 si
1197 1530 1289 1622 apud
1304 1530 1480 1599 hominem
1495 1552 1562 1598 non

245 1638 334 1708 adeo
357 1624 514 1727 nobilem
535 1637 727 1726 hospitium
751 1636 905 1723 eligeret.
927 1636 1042 1703 Animi
1062 1636 1302 1705 demissionem
1319 1659 1402 1728 prae
1420 1659 1456 1705 se
1474 1639 1565 1705 ferre

194 1761 197 1766 ’
243 1743 379 1812 maluit.
1373 1745 1377 1750 ’

281 1932 373 1984 Etiam
394 1934 470 1984 lianc
488 1933 677 1984 narrationem
699 1930 899 1982 conformatam
918 1944 980 1983 esse
998 1932 1034 1983 ad
1052 1934 1130 1984 illam
1149 1931 1183 1983 de
1203 1934 1384 1985 suscitatione
1404 1932 1479 1986 tiliae
1498 1933 1564 1984 iatri

245 2020 340 2089 (Marc.
353 2021 428 2089 ias.
440 2021 508 2073 Luc.
525 2019 600 2086 8,5i)
613 2021 701 2084 aliqui
715 2020 821 2069 volunt.
835 2020 939 2070 Verum
953 2023 1013 2071 tota
1026 2021 1148 2086 denique
1161 2021 1316 2073 similitudo
1327 2023 1357 2072 in
1370 2034 1405 2073 eo
1419 2022 1561 2084 consistit,

243 2115 276 2162 nt
290 2112 431 2176 utrimque
445 2110 554 2162 dicatur
568 2123 577 2159 .·
592 2097 691 2172 snrge;
707 2109 801 2181 cetera
812 2109 906 2158 omnia
920 2114 985 2158 sunt
997 2110 1069 2161 inter
1085 2123 1116 2160 sa
1134 2109 1260 2174 diversa,
1276 2110 1377 2176 quibus
1392 2122 1562 2162 enumeran-

244 2197 288 2250 dis
302 2211 361 2250 non
374 2211 447 2264 opus
461 2201 505 2250 est
517 2197 670 2248 immorari.
1450 2204 1453 2211 ¹

464 2409 490 2474 t)
510 2408 692 2462 conversio
711 2407 854 2461 cornelii
872 2408 1077 2462 centurionis
1099 2410 1152 2476 10,
1175 2412 1259 2477 1-11,
1282 2411 1336 2467 ts.

287 2594 411 2662 Divina
429 2591 703 2659 manifestatione
725 2590 796 2657 iam
818 2590 1007 2659 ostenditur
1026 2592 1180 2660 dirutum
1199 2616 1271 2662 esse
1285 2594 1437 2663 medium
1450 2595 1561 2686 parie-
1661 2636 1665 2641 -

244 2710 312 2769 tem
338 2697 523 2780 maceriae,
546 2719 635 2788 qnae
659 2695 741 2764 clim
763 2719 785 2764 a
800 2702 866 2764 lieo
886 2702 1053 2766 exstruam
1069 2705 1143 2767 erat
1156 2701 1247 2768 inter
1264 2702 1367 2769 lsrael
1382 2707 1416 2770 et
1428 2707 1559 2790 gentes,

243 2809 315 2882 iam
338 2813 477 2896 tempus
500 2804 633 2883 adesse,
660 2807 698 2870 ut
716 2804 752 2869 in
769 2803 898 2871 Christo
913 2810 986 2871 lesu
1002 2804 1039 2872 in
1056 2825 1162 2874 unum
1177 2805 1371 2875 condantur
1384 2807 1560 2876 hominem

246 2913 315 2981 duo
338 2911 390 2979 illi
412 2913 513 3003 (Eph.
535 2917 628 2993 21²*-
654 2910 723 2998 15).
738 2913 823 2975 Nam
836 2910 1060 3002 praecipuum
1073 2917 1107 2978 ct
1120 2913 1293 3000 singulare
1306 2914 1343 2981 in
1359 2914 1428 2993 hac
1442 2936 1562 2982 narra·

242 3020 354 3103 tione,
385 3040 454 3109 qno
480 3039 572 3084 nova
605 3016 704 3103 regni
737 3016 965 3084 annuntiandi
989 3018 1120 3106 epocha
1144 3018 1372 3105 inauguratur
1399 3025 1434 3087 et
1454 3020 1561 3111 pleno

243 3149 343 3195 sensu
364 3148 406 3194 ex
427 3123 587 3192 omnibus
610 3121 771 3209 gentibus
792 3121 864 3189 sinc
888 3121 959 3189 ullo
982 3122 1176 3191 discrimine
1193 3145 1302 3192 unum
1320 3124 1378 3193 Dei
1392 3127 1560 3218 populum

245 3230 521 3301 constituendum
535 3252 606 3298 esse
621 3228 828 3311 declaratur,
846 3236 896 3295 est
908 3227 996 3295 illud
1008 3228 1101 3317 quod
1119 3234 1236 3297 Petrus
1249 3230 1429 3300 arrisione
1441 3232 1562 3300 didicit

246 3346 281 3408 et
303 3338 463 3407 enuntiat
487 3358 495 3405 :
522 3335 608 3402 mihi
626 3333 776 3401 ostendit
798 3339 883 3401 Dens
902 3333 1077 3401 neminem
1097 3356 1315 3404 communem
1334 3343 1393 3406 aut
1413 3338 1561 3405 immun-

244 3446 327 3514 dum
352 3443 467 3512 dicere
493 3441 668 3508 hominem
689 3439 1072 3529 (10,iii)..idaiiqunm
1095 3441 1266 3509 bonorum
1284 3444 1559 3512 communionem

245 3575 343 3644 posse
367 3550 582 3636 alienigenas
612 3545 763 3627 admitti,
793 3553 961 3612 ostensum
983 3547 1089 3613 estin
1114 3547 1156 3614 iis
1176 3547 1238 3639 qui
1260 3550 1429 3640 proselyti>
1440 3558 1561 3642 portae

244 3657 360 3727 vocari
381 3656 511 3736 solent;
532 3658 567 3722 at
587 3653 690 3743 plena
714 3652 802 3719 vitae
823 3651 1043 3740 quotidianae
1060 3654 1203 3721 societas
1215 3655 1254 3722 in
1267 3654 1358 3723 victu
1375 3661 1409 3724 et
1422 3657 1560 3726 habita-

244 3765 337 3833 tione
364 3769 398 3831 et
430 3759 526 3829 omni
554 3756 759 3825 commercio
788 3779 858 3823 non
886 3762 1017 3845 poterat
1040 3758 1122 3826 iniri
1144 3761 1209 3827 nisi
1230 3783 1310 3830 cnm
1334 3762 1556 3847 circumcisis;

245 3870 357 3938 omnis
388 3865 651 3936 incircumcisus
679 3863 904 3953 reputabatur
931 3862 1145 3947 immundus3
1178 3867 1314 3937 valebat
1339 3868 1427 3937 illud
1446 3890 1471 3939 4ε
1502 3892 1561 3939 vos

247 3977 343 4045 scitis
365 3973 537 4064 quomodo
565 3969 802 4039 abominatum
823 3969 866 4035 sit
888 3968 960 4036 viro
979 3970 1103 4039 ludaeo
1127 3974 1289 4062 coniungi
1318 3984 1377 4045 aut
1398 3977 1560 4046 accedere

246 4081 292 4151 nd
319 4080 553 4168 alienigenam
579 4077 722 4168 (10‚11).
746 4081 841 4143 Nunc
862 4098 942 4143 rere
968 4077 1054 4146 haee
1078 4083 1248 4169 separatio
1275 4104 1345 4173 qua
1373 4087 1460 4150 Deus
1477 4082 1559 4149 olim

246 4186 357 4257 dividi
375 4186 484 4254 voluit
502 4191 620 4273 genlcs
641 4207 662 4252 a
681 4182 809 4274 populo
832 4204 892 4253 suo
910 4183 967 4271 (cl.
991 4186 1150 4276 1s..56‚3)
1171 4186 1334 4256 divinitus
1355 4187 1502 4271 tollitur,
1525 4195 1560 4257 et

245 4293 363 4364 adesse
394 4298 530 4382 tempus
560 4289 599 4357 id
621 4290 736 4381 palam
765 4289 990 4357 annuntiandi
1021 4294 1137 4360 Petrus
1164 4293 1394 4383 apostolorum
1426 4296 1559 4385 primus
1611 4323 1619 4338 ·

244 4401 407 4471 edocetur
424 4405 458 4467 et
484 4420 547 4490 per
573 4419 651 4465 eum
674 4395 991 4465 iudaea-christiani
1010 4396 1055 4464 ad
1082 4400 1172 4467 hanc
1196 4421 1312 4468 rerum
1333 4403 1556 4470 mutationem

174 4518 183 4534 “
242 4515 277 4576 et
303 4505 567 4594 intelligendam
592 4509 625 4572 et
648 4501 879 4593 accipiendam
907 4512 1166 4595 praeparantur.
1192 4506 1416 4598 Praecipuum
1441 4507 1558 4600 itaque

241 4615 345 4682 huius
363 4612 571 4685 narrationis
591 4615 804 4677 momentum
824 4632 865 4676 ac
884 4610 1085 4697 significatio
1103 4612 1279 4702 potissima
1292 4614 1331 4682 in
1347 4636 1389 4682 eo
1408 4616 1560 4685 consistit

242 4720 338 4812 quod
362 4719 470 4788 initur
497 4718 638 4787 societas
665 4715 772 4784 victus
801 4721 834 4783 ct
859 4714 1090 4787 habitationis-
1103 4741 1183 4787 cum
1203 4718 1399 4809 alienigena
1421 4722 1557 4791 sublato
