4128 5442
256 302 298 365 20
598 366 604 375 ,
649 318 689 363 ns
708 318 856 365 maeroris
875 313 1185 362 murronis

254 450 468 539 tychonium
496 452 706 521 comesum
733 452 827 519 sune
855 450 985 518 uorum
1012 426 1186 515 samur
1204 451 1241 511 e
1263 444 1454 533 diligenter
1476 465 1582 532 apa

252 556 378 643 suiue3
395 557 469 649 ipse
486 557 723 627 Gmsiodorim
733 556 857 624 breves
868 553 1005 644 scripsit
1019 580 1038 615 e
1055 551 1313 642 complexiones
1325 558 1473 619 Actum
1488 556 1581 638 Apo-

251 664 419 733 stolorum
437 692 455 727 n
472 664 535 751 (Μ,
554 657 1080 749 to,1as1·rtoo).raraphrasin
1099 662 1246 725 Amnum
1264 658 1418 725 carmine
1438 654 1580 724 heroico

250 769 350 839 dedit
374 773 503 839 ,trater
527 770 565 836 in
587 768 689 835 libris
711 765 847 835 dnobus
872 765 1056 854 (M.78,'11
1081 761 1184 853 seq),
1209 761 1271 852 qui
1294 769 1331 829 ut
1358 762 1453 831 Beda
1477 759 1577 840 dicit,
1662 828 1669 839 ,

251 902 268 937 a
283 873 518 945 nonnullosiu
534 872 657 941 eodem
679 879 788 941 metro
811 869 1001 959 allegoriae
1023 869 1125 938 flores
1149 867 1348 950 admiscuit,
1363 868 1578 936 occasionem

249 980 338 1051 mibi
366 980 525 1049 tribuens
545 978 600 1046 rel
621 978 691 1047 alia
721 1001 762 1048 er
788 977 844 1047 bis
870 975 1059 1065 colligendi
1084 976 1141 1045 vel
1164 974 1287 1044 eadem
1311 973 1452 1065 planius
1474 995 1579 1064 expe-

248 1086 356 1155 nendi
380 1108 417 1169 »ς
444 1086 517 1176 ipse
535 1082 630 1153 Beda
649 1085 710 1176 qui
733 1085 772 1154 in
787 1084 1000 1177 expositione
1022 1088 1170 1152 actuum
1192 1104 1230 1150 se
1248 1081 1396 1149 mantne
1419 1079 1578 1147 adiutum

247 1192 331 1259 dicit
358 1191 422 1259 isto
447 1212 553 1283 opere
575 1192 726 1262 aratoris
745 1191 815 1260 duo
838 1190 1005 1282 opuscula
1024 1189 1064 1257 in
1088 1193 1191 1256 Actus
1217 1186 1440 1278 conscripsit;
1468 1185 1578 1276 priori

249 1295 344 1364 enim
368 1297 574 1389 expositioni
601 1298 663 1387 (M.
691 1290 922 1387 onem-om)
948 1295 1086 1365 addidit
1110 1293 1241 1361 librum
1262 1291 1516 1361 retractationis
1538 1293 1576 1358 in

247 1407 350 1473 Actus
363 1404 402 1493 (l.
417 1425 448 1473 e.
466 1404 651 1494 9951032)
672 1431 689 1465 ιι
711 1401 824 1470 studio
838 1403 987 1472 maxime
1007 1401 1064 1469 v'el
1080 1398 1234 1470 addendi
1248 1420 1339 1489 quae
1354 1399 1471 1468 minus
1484 1398 1577 1465 dicta

247 1508 300 1577 rel
325 1509 533 1578 emendandi
557 1532 646 1601 quae
674 1531 771 1577 secus
796 1530 901 1599 quam
922 1507 1053 1600 placuit
1078 1507 1171 1575 dicta
1197 1504 1422 1584 ridebantur;
1445 1505 1482 1571 iu
1505 1526 1575 1594 quo

246 1615 349 1683 etiarn
371 1638 461 1707 quae
479 1617 515 1683 in
534 1636 660 1704 graeco
681 1614 752 1682 sive
774 1614 876 1683 aliter
892 1636 952 1682 seu
970 1612 1048 1705 plus
1068 1612 1260 1682 ant-minus
1277 1611 1388 1704 posita
1407 1610 1574 1693 vidimus,

245 1718 397 1789 breviter
410 1741 684 1789 commemorare
705 1719 906 1788 curavimus
921 1748 937 1781 s
954 1726 990 1789 et
1007 1741 1050 1788 ea
1070 1720 1108 1787 in
1121 1741 1160 1786 re
1176 1717 1268 1785 Beda
1284 1740 1426 1809 qnoque
1439 1717 1577 1807 saepius

244 1846 309 1917 pro
325 1831 418 1894 textu
434 1832 452 1908 t
471 1827 566 1894 testis
579 1826 719 1895 exsistit.

288 1936 333 1999 Er
354 1933 468 2001 medio
485 1954 571 2001 aevo
595 1932 830 2002 nominandae
853 1938 934 2002 sunt
950 1933 1111 2002 Postibus
1128 1931 1226 2001 Gard.
1246 1930 1421 2022 Hisponis,
1436 1929 1580 1999 Nieoiei

244 2037 377 2127 Lysoni
400 2044 435 2105 et
458 2037 618 2128 Dionysii
638 2037 863 2107 carthusiani
885 2032 1018 2129 (Dion.)
1038 2038 1213 2106 luculenta
1235 2036 1332 2105 iuxta
1349 2058 1391 2105 ac
1410 2057 1575 2127 compen·

243 2141 354 2211 diaria
371 2144 408 2211 in
422 2149 507 2213 Aeta
523 2144 760 2236 apostolorum
779 2144 930 2233 exegesis
946 2144 1017 2212 sive
1038 2145 1304 2235 commentaria;
1320 2142 1414 2211 idem
1434 2163 1573 2234 quoque

104 2330 109 2341 ¹
242 2248 417 2341 epitomen
433 2249 571 2319 brevem
594 2256 741 2319 Aetuum
760 2250 975 2342 conseripsit,
990 2250 1133 2320 brevem
1152 2250 1257 2319 etiam
1277 2248 1572 2318 commentarium
1688 2305 1690 2310 ,

244 2354 430 2425 caietanus
454 2356 558 2445 (Gai.)
581 2356 733 2446 reliquit.
753 2362 792 2425 ln
812 2362 908 2425 vaste
927 2355 989 2425 illo
1012 2378 1118 2449 opere
1139 2384 1156 2420 ι(
1179 2356 1293 2425 critici
1314 2356 1404 2424 sacri
1425 2383 1441 2416 s
1465 2355 1572 2422 conti·

241 2467 368 2529 nentur
389 2461 520 2530 scholio
544 2468 640 2531 laur.
660 2461 794 2545 Valles,
816 2465 962 2545 Erasmi,
980 2463 1133 2547 Vatabli,
1148 2461 1266 2544 Clarii,
1283 2466 1392 2530 Lucae
1413 2460 1571 2549 brugen-

238 2566 295 2649 sis,
313 2568 436 2651 (icelii,
453 2567 575 2651 Drusii,
594 2568 785 2636 Casauboni
799 2574 864 2638 etc.
882 2573 921 2636 ln
930 2589 1034 2659 opere
1045 2568 1194 2637 venetiis
1207 2567 1302 2636 edito
1319 2588 1328 2637 :
1346 2565 1456 2634 Biblia
1473 2588 1570 2637 sacra

239 2694 316 2741 eum
341 2673 570 2742 selectissimis
595 2673 801 2743 litteralibus
822 2674 1081 2743 Commentariis
1104 2674 1220 2764 (1756)
1243 2673 1451 2742 exhibentur
1473 2677 1571 2742 nota·

240 2780 349 2847 tiones
372 2800 393 2847 a
415 2784 474 2861 Su,
501 2779 608 2865 Estio,
631 2781 797 2861 llariana,
824 2779 1016 2865 llenocbio,
1039 2779 1169 2862 lirino,
1196 2779 1369 2849 (lordono.
1393 2784 1570 2848 Praestent

240 2886 400 2975 Gepnoei
417 2912 434 2947 e
455 2886 591 2955 Scholia
608 2886 646 2955 in
665 2891 767 2955 lictus
784 2908 826 2955 ex
842 2884 1038 2977 praecipuis
1061 2890 1134 2954 tam
1152 2889 1360 2955 Graecorum
1380 2907 1486 2976 quem
1508 2890 1569 2954 La·

239 2991 390 3061 tinorum
405 2991 583 3061 sententiis
597 2992 721 3061 selecta
735 3021 765 3076 n,
780 2992 886 3061 Ariae
901 2990 1061 3060 Montani
1075 3018 1092 3055 e
1107 2991 1359 3060 Elucidationes
1373 2992 1412 3060 in
1426 2997 1510 3060 Acta
1529 3015 1565 3076 »ς

235 3096 390 3165 eminent
404 3097 643 3165 commentarii
663 3097 801 3182 lorini,
818 3100 919 3188 Casp.
937 3096 1095 3184 Sanctii;
1115 3096 1290 3186 longiores
1308 3097 1567 3189 disquisitiones

239 3202 418 3293 variasque
444 3204 661 3293 quaestiones
681 3210 773 3273 textu
797 3203 951 3294 exposito
973 3208 1098 3272 tractat
1120 3203 1303 3273 Selmeron
1326 3212 1421 3272 tomo
1447 3209 1501 3272 12.
1521 3209 1567 3272 lle

238 3306 384 3375 aliorum
411 3308 711 3378 lucubrationibus
735 3309 812 3377 vide
839 3309 999 3399 Cornely,
1022 3308 1150 3377 lutrod.
1168 3314 1211 3378 ΙΙΙ
1233 3316 1254 3377 2
1275 3309 1332 3379 ed.
1348 3333 1384 3400 p.
1401 3316 1479 3378 atr.
1504 3315 1568 3377 Eos

238 3414 297 3503 qui
324 3421 430 3483 totam
455 3414 715 3505 ascripturum
738 3413 993 3484 commentariis
1014 3414 1246 3500 illustrarunt,
1266 3416 1318 3484 uti
1346 3415 1524 3485 Cornelius
1544 3439 1567 3484 a

241 3517 368 3609 lepide
393 3522 520 3611 (lep),
542 3519 733 3607 deterretur,
755 3528 818 3590 etc.
843 3542 1048 3590 enumerare
1070 3542 1142 3589 non
1163 3543 1249 3612 opus
1262 3527 1328 3606 est,
1346 3521 1484 3612 saepius
1494 3522 1565 3590 iam

238 3630 309 3692 tum
343 3624 379 3693 in
410 3626 539 3695 lntrod.
567 3633 638 3693 tum
668 3627 703 3694 in
730 3624 989 3697 Commentariis
1015 3647 1136 3696 eorum
1163 3626 1293 3694 mentio
1319 3627 1413 3695 iacta
1439 3632 1500 3695 est.
1527 3632 1565 3695 lu

237 3758 253 3791 e
273 3736 377 3799 Cursu
393 3733 566 3823 completo
587 3760 602 3793 n
620 3752 722 3822 quem
739 3732 849 3820 lligne
865 3732 1038 3801 edendum
1058 3732 1191 3800 curavit
1206 3738 1450 3824 proponuntur
1469 3736 1565 3801 Cem-

236 3836 404 3903 meuturia
418 3834 455 3905 in
469 3842 568 3905 Actius
582 3836 712 3906 llernei
726 3859 803 3908 cum
817 3837 965 3907 aliorum
978 3838 1259 3907 metationibus
1271 3845 1305 3906 et
1322 3868 1338 3903 e
1355 3838 1564 3908 dilucidatae

234 3940 452 4031 quaestiones
471 3950 610 4013 auctore
632 3948 789 4013 ll'oulers
816 3972 832 4007 n
859 3943 1069 4036 (Scripturas
1084 3965 1111 4014 s.
1129 3947 1253 4012 Cursus
1270 3945 1462 4036 completus
1477 3951 1500 4013 t.
1520 3952 1562 4014 23

233 4067 268 4138 p.
287 4048 508 4137 uss-noe).
573 4075 579 4091 ·

279 4156 322 4219 dx
348 4154 539 4223 recentiore
561 4160 715 4247 tempore
736 4156 920 4248 praecipue
940 4155 1209 4225 commendandi
1226 4163 1306 4225 sunt
1322 4157 1563 4226 commentarii
1638 4188 1642 4198 ·

232 4280 319 4349 qnos
340 4257 525 4327 ediderunt
543 4260 681 4347 lleelen,
696 4262 885 4340 Patricius,
902 4262 1064 4355 Biepinq,
1089 4265 1161 4332 Van
1180 4260 1386 4351 Sternlsiste,
1404 4263 1558 4351 Orellier,

232 4362 372 4449 Vellem
401 4364 492 4433 hisco
526 4366 679 4437 addendi
712 4376 808 4453 sunt,
833 4369 894 4460 qui
921 4371 984 4439 etsi
1013 4391 1084 4438 non
1109 4369 1265 4457 integros
1295 4369 1561 4439 commentarios

230 4469 445 4561 scripserint,
469 4477 582 4541 tomen
605 4474 765 4565 plurimis
788 4474 1137 4545 commentationibus
1152 4474 1339 4543 'historiam
1357 4480 1503 4544 letuum
1526 4483 1562 4544 et

229 4580 359 4645 textum
391 4576 610 4647 illustrarunt
638 4598 646 4649 ε
674 4578 794 4667 ¹Hele,
819 4580 1331 4670 Pragmatisch·systematiscbe
1359 4583 1560 4672 berlegung

230 4678 294 4749 der
311 4683 668 4773 Apostolgesehicbte,
687 4687 827 4775 Coetus,
846 4687 1006 4757 L'oeuvre
1024 4687 1087 4757 des
1100 4692 1252 4779 apbtres,
1271 4684 1399 4770 seber,
1415 4688 1558 4758 Studien
