4128 5442
933 379 938 387 ·
1029 371 1098 417 aar.
1121 357 1263 430 aaa-ra
1370 336 1372 339 ’
1765 360 1804 418 aa

474 511 550 572 tum
563 502 657 571 illud
671 502 882 592 novaelegis
898 503 1124 585 sacrificium,
1139 502 1299 571 sacrificii
1321 502 1429 570 crucis
1445 507 1801 591 commemorativum,
1926 521 1930 529 ’

457 610 568 701 quod
585 615 653 678 Deo
665 609 703 676 in
713 608 862 678 Ecclesia
875 609 1046 678 catholica
1058 607 1187 698 ubique
1200 611 1369 676 terrarum
1379 610 1523 677 offertur
1536 638 1566 677 a.
1584 615 1703 679 Preces
1716 634 1800 682 sane

473 714 736 808 antiquissimae
750 737 840 808 quae
853 715 937 783 olim
951 712 1186 782 tundebantur
1200 715 1236 782 in
1257 716 1474 806 perceptione
1496 717 1725 786 eucharistiae
1743 719 1803 785 ha·

471 821 650 891 benturin
671 823 832 891 Doctrina
847 828 888 890 12
902 842 959 910 ap.
985 841 1061 910 cap.
1085 827 1118 903 9,
1138 820 1260 912 ibique
1286 845 1362 912 cap.
1384 830 1423 891 rt
1446 824 1654 892 eucharistia
1676 820 1804 892 dicitur

471 929 562 996 illud
584 928 792 997 sacrificium
823 926 934 1019 (θυσία)
956 926 1051 1016 quod
1073 929 1246 1019 propheta
1275 928 1461 1019 praedixit,
1488 928 1526 995 in
1551 930 1648 997 omni
1673 930 1749 998 loco
1769 938 1803 1001 et

471 1040 628 1127 tempore
643 1037 800 1105 oblatum
818 1032 863 1101 iri
877 1030 1085 1101 oblationem
1100 1034 1279 1102 mundam.
1750 1040 1754 1045 '

515 1143 685 1212 Divinitas
698 1162 838 1232 quoque
854 1139 984 1208 facturn
998 1144 1068 1222 cst,
1082 1144 1121 1207 ut
1134 1143 1252 1207 coetus
1266 1138 1418 1208 fidelium
1430 1164 1493 1230 per
1505 1141 1647 1233 aliquod
1665 1149 1803 1234 tempus

470 1254 665 1317 servaretur
678 1247 753 1315 sine
769 1245 844 1313 ulla
857 1245 902 1315 ab
918 1244 1125 1315 adversariis
1139 1246 1307 1330 molestia,
1330 1269 1398 1337 quo
1419 1248 1491 1316 scil.
1514 1269 1633 1316 recens
1656 1250 1742 1319 haec
1762 1273 1802 1319 ac

468 1361 590 1424 tenera
602 1351 772 1445 plantatio
783 1352 957 1421 firmiores
971 1356 1092 1440 ageret
1103 1350 1253 1435 radices;
1266 1375 1299 1422 v.
1312 1361 1353 1422 ts
1364 1354 1469 1444 fiebat
1482 1367 1599 1421 cutem
1613 1357 1712 1422 omni
1724 1357 1802 1425 ani·

469 1483 547 1529 mae
569 1459 673 1528 timor
694 1459 719 1527 i.
748 1482 779 1528 e.
806 1481 927 1527 omnes
942 1458 985 1525 iis
1000 1480 1090 1548 quae
1116 1458 1174 1526 die
1191 1464 1400 1550 pentecostes
1417 1460 1613 1529 acciderant
1636 1462 1800 1550 religioso

469 1565 622 1657 quodam
637 1565 764 1638 timore
779 1587 819 1633 ae
837 1585 936 1633 saera
950 1565 1159 1633 verecundia
1178 1565 1292 1633 affecti
1306 1571 1401 1647 sunt,
1418 1567 1467 1634 ita
1480 1572 1519 1635 ut
1532 1565 1577 1635 ab
1591 1568 1685 1636 omni
1698 1592 1801 1637 vexa-

468 1674 561 1741 tione
580 1671 738 1740 fidolium
749 1672 855 1759 longe
867 1671 1028 1740 abessent
1035 1676 1075 1738 et
1086 1671 1201 1763 potius
1210 1671 1288 1739 illos
1302 1694 1430 1760 magna
1443 1673 1594 1764 quadam
1607 1676 1800 1744 reverentia

467 1783 772 1870 prosequerentur.
805 1778 862 1851 Ad
897 1799 1002 1869 quarn
1034 1778 1234 1866 augendam
1268 1778 1478 1847 accedebant
1506 1781 1606 1869 signa
1641 1802 1650 1851 ι
1687 1781 1799 1851 multa

467 1908 604 1977 quoque
613 1884 781 1977 prodigia
795 1896 828 1953 et
839 1883 944 1975 siqua
953 1905 1018 1976 per
1028 1883 1201 1975 apostolos
1213 1886 1250 1951 in
1261 1885 1446 1953 Ierusalem
1455 1887 1607 1977 fiebuat;
1621 1887 1689 1956 hac
1701 1894 1798 1979 parte

467 1991 603 2060 turbari
631 1991 867 2060 narrationem
895 1989 1007 2081 aliqui
1024 1989 1163 2075 volunt,
1186 1990 1269 2081 quia
1287 1990 1427 2059 demum
1448 1992 1485 2059 in
1510 1993 1621 2083 capite
1640 1994 1799 2084 sequenti

353 2081 359 2092 ’
466 2099 599 2166 sanatio
611 2096 727 2166 claudi
740 2101 920 2187 nmquam
935 2096 1089 2187 primum
1102 2095 1306 2165 miraculum
1320 2097 1504 2179 reseratum
1525 2098 1586 2167 sed
1600 2099 1662 2168 ubi
1675 2100 1799 2169 scribi-

467 2209 525 2271 tur
539 2202 805 2295 tuisseprimum
817 2204 837 2270 ?
850 2225 913 2271 nos
925 2201 1106 2271 remittunt
1117 2202 1161 2270 ad
1177 2210 1254 2287 3,ss
1276 2226 1348 2294 seq.
1365 2208 1515 2286 eldat.
1534 2209 1659 2273 Verum
1672 2207 1798 2275 nullibi

467 2310 595 2378 dicitur
607 2332 679 2378 esse
692 2309 867 2402 primum
877 2307 915 2376 rd
925 2308 1037 2377 solum
1050 2309 1160 2377 elucet
1169 2309 1271 2377 fuisse
1281 2310 1486 2378 miraculum
1499 2313 1645 2380 maxime
1660 2324 1794 2397 notum,

468 2418 560 2507 quod
574 2418 707 2485 ratione
719 2415 839 2484 habita
852 2419 887 2483 et
900 2414 1053 2483 hominis
1061 2422 1095 2482 et
1110 2414 1342 2483 multitudinis
1354 2438 1444 2506 quaa
1457 2417 1495 2484 in
1508 2418 1639 2508 templo
1652 2441 1798 2508 congre·

468 2530 552 2612 gata
563 2522 659 2591 testis
671 2527 746 2591 erat
757 2523 889 2591 nomini
903 2521 1034 2591 mirum
1044 2520 1154 2589 videri
1163 2527 1288 2613 potest.
1304 2522 1419 2610 Signis
1436 2521 1506 2590 illis
1525 2524 1700 2593 crescebat
1714 2528 1795 2594 reli-

468 2651 617 2719 quorum
630 2628 850 2698 reverentia:
872 2638 907 2696 et
920 2640 1030 2696 metus
1045 2639 1120 2696 erat
1131 2650 1280 2719 muyans
1300 2629 1337 2696 in
1353 2628 1522 2697 universis
1526 2648 1541 2712 ;
1554 2652 1645 2719 quae
1659 2654 1740 2722 pars
1758 2632 1795 2702 in

466 2740 520 2803 sat
543 2734 661 2803 multis
680 2735 794 2814 deest,
819 2740 855 2804 et
879 2733 997 2803 deesse
1024 2739 1154 2825 potest,
1182 2735 1266 2825 quia
1288 2733 1324 2801 in
1348 2736 1628 2805 antecedentibus
1650 2759 1703 2806 res
1725 2739 1796 2809 iam

377 2908 383 2921 ,
467 2844 613 2910 satisest
628 2862 800 2932 expressa.
979 2924 982 2929 Ι
1790 2842 1795 2853 ’

512 2947 681 3043 Fidelium
696 2946 768 3015 vita
781 2969 888 3038 porro
903 2945 1112 3015 describitur
1128 2945 1265 3015 socialis
1279 2969 1311 3015 v.
1333 2954 1374 3016 tt
1392 2969 1507 3016 onmes
1519 2948 1624 3018 etiem
1648 2951 1713 3042 qui
1726 2974 1798 3020 cre·
1913 2981 1918 2991 ·

467 3054 594 3124 dedant
622 3066 722 3122 eram
742 3054 877 3145 pariter
898 3058 947 3122 ret
965 3064 999 3123 ct
1018 3057 1107 3139 αὐτὸς
1131 3053 1287 3144 profecto
1308 3075 1426 3121 sensus
1448 3076 1519 3122 esse
1547 3055 1668 3146 nequit
1690 3080 1795 3148 quem

475 3161 600 3229 Wendt
613 3159 688 3229 vult
701 3142 738 3227 in
756 3158 875 3228 eedem
890 3156 1165 3246 'leco,·numerus
1181 3158 1277 3226 enim
1303 3159 1455 3228 fidelium
1475 3161 1545 3230 iam
1575 3163 1688 3231 maior
1699 3170 1793 3246 erat;

467 3269 638 3336 minorem
668 3266 775 3334 habet
799 3265 1038 3333 difficultatem
1059 3264 1154 3356 quod
1183 3264 1273 3333 Beel.
1307 3268 1484 3357 proponit,
1510 3290 1568 3336 eos
1593 3268 1736 3339 fortune
1758 3271 1795 3339 in

467 3381 562 3444 certa
587 3371 738 3463 quadam
762 3371 858 3440 urbis
885 3376 983 3462 parte
1006 3370 1223 3438 domicilium
1242 3371 1440 3457 collocasse,
1465 3379 1504 3441 ut
1521 3381 1690 3465 quantum
1719 3377 1795 3446 lieri

465 3486 580 3571 posset
593 3478 699 3547 ticini
713 3482 825 3546 essent
840 3478 932 3544 inter
943 3498 990 3544 se.
1003 3476 1157 3566 Explicat
1174 3477 1253 3546 Chr.
1270 3478 1313 3545 de
1326 3489 1463 3572 κεινωνῖᾳ
1479 3490 1510 3550 ἐν
1527 3490 1680 3576 πολιτείᾳ;
1697 3506 1794 3551 eom-

466 3585 619 3654 muniter
646 3582 823 3675 accipiunt
846 3583 889 3650 de
910 3581 1076 3650 continua
1093 3583 1186 3651 inter
1205 3605 1265 3651 eos
1284 3585 1469 3653 concordia
1496 3594 1530 3655 et
1553 3587 1794 3659 benevolentia

469 3692 628 3784 (Tlreoph.
643 3689 718 3762 Gai.
728 3689 821 3758 Beel.
839 3689 948 3759 Galus.
959 3687 1085 3778 Puta),
1098 3697 1275 3758 unaerant
1285 3698 1410 3780 negato
1422 3694 1517 3761 omni
1532 3693 1676 3764 discidio
1684 3696 1743 3787 (Bl
1749 3697 1791 3788 .);

464 3798 700 3881 simularant,
720 3797 803 3888 quia
821 3794 917 3865 statis
930 3795 1026 3862 horis
1045 3794 1090 3862 ad
1109 3796 1268 3884 synaxin,
1290 3798 1334 3865 ad
1367 3801 1583 3885 concionem,
1604 3801 1649 3869 ad
1669 3805 1794 3873 oratio·

465 3927 547 3974 nem
568 3901 821 3972 conveniebant
843 3901 980 3993 (Lep.);
1003 3900 1153 3992 proinde
1172 3903 1244 3971 iam
1261 3925 1297 3971 se
1324 3912 1360 3971 ut
1390 3912 1527 3973 coetum
1554 3908 1728 3998 quendam
1749 3912 1794 3980 ab

464 4011 543 4080 aliis
554 4010 754 4079 distinctum
770 4009 886 4099 palam
899 4006 1109 4076 exhibebant
1130 4007 1204 4098 (Fel
1220 4009 1244 4098 .)
1265 4022 1298 4077 et
1315 4009 1483 4079 habebant
1507 4014 1626 4082 oretria
1642 4037 1795 4086 conamu-

464 4119 546 4206 nia;
570 4115 800 4184 imitabantur
811 4114 929 4204 itaque
953 4113 1072 4182 fideles
1094 4135 1171 4182 eam
1185 4117 1276 4184 vitae
1290 4118 1477 4202 rationem,
1496 4142 1601 4210 quam
1625 4125 1796 4213 apostoles

465 4231 499 4294 et
517 4223 822 4315 discipulosantea
843 4220 915 4289 iam
927 4221 1103 4312 amplexos
1125 4244 1196 4290 esse
1215 4223 1379 4292 sciebant.
1398 4230 1507 4304 Quare
1529 4227 1671 4297 ditiores
1692 4255 1726 4300 v.
1752 4239 1794 4302 t5

458 4332 736 4425 possessiones&
749 4339 906 4415 κτήματα,
922 4325 1051 4395 dicitur
1067 4350 1132 4396 vox
1145 4329 1189 4397 de
1201 4328 1333 4414 fundis,
1350 4333 1443 4420 agris
1456 4340 1521 4401 etc.
1539 4345 1572 4401 et
1583 4339 1795 4408 substautias

463 4443 518 4522 τὰς
534 4443 694 4528 ὑπάρξεις,
714 4436 807 4535 bona
830 4433 976 4503 mobilia
992 4433 1111 4525 (Beel.)
1129 4434 1321 4504 vendebant
1345 4450 1378 4505 et
1403 4437 1603 4510 dividebant
1625 4442 1691 4512 illa
1715 4446 1788 4515 scil.

464 4544 648 4637 pecuniam
671 4566 712 4612 ex
734 4542 933 4612 venditione
954 4546 1131 4632 acceptam
1155 4542 1313 4612 omnibus
1324 4558 1431 4635 prout
1450 4546 1573 4639 cuique
1596 4572 1683 4641 opus
1697 4565 1792 4639 erat;

464 4673 523 4720 eos
535 4651 652 4719 omnio
668 4651 762 4720 bona
774 4649 971 4718 vendidisse
985 4669 1059 4715 non
1081 4647 1225 4734 dicitur;
1243 4649 1302 4718 sed
1325 4652 1375 4720 ita
1387 4653 1598 4739 vendebant,
1612 4663 1653 4726 ut
1671 4662 1791 4749 egenis

463 4757 656 4828 necessaria
667 4758 822 4827 tribuere
836 4758 996 4849 possent,
1009 4760 1044 4824 et
1057 4777 1098 4831 ex
1111 4756 1181 4825 suis
1199 4758 1323 4848 opibus
1337 4766 1371 4828 et
1393 4760 1614 4833 facultatibus
1632 4764 1790 4838 liberali.
