4092 5490
1040 444 1109 489 scr.
1133 428 1252 499 tat-l.
1744 434 1803 494 2⁴3

476 578 561 668 quid
580 579 692 648 facere
708 578 801 647 soliti
821 579 891 645 sint
907 575 1058 658 dicatur3
1081 596 1163 643 nam
1181 575 1359 663 graviores
1371 575 1452 643 illae
1465 575 1598 660 turbae,
1614 579 1657 646 de
1676 582 1802 670 quibus

476 686 569 755 inv.
597 670 629 753 Ξ.
656 686 816 763 refertur,
842 703 915 748 non
936 703 1006 748 una
1028 703 1150 764 eorum
1173 682 1341 751 concione
1363 682 1526 751 excitatae
1549 688 1643 767 sunt,
1667 690 1702 751 et
1723 696 1801 755 πολὺ

466 798 591 878 ’πλῆθος
605 788 820 858 credentium
836 787 940 856 etiam
956 789 1095 878 longius
1107 789 1260 858 insinuat
1273 797 1418 881 tempus.

520 897 573 964 Uti
594 901 707 977 13,t5,
731 893 851 963 ludaei
870 895 998 964 iterum
1022 896 1199 982 obstacula
1217 896 1399 984 evangelio
1422 896 1571 964 obiicere
1591 896 1712 965 sedulo
1730 903 1801 966 stu-

477 1002 575 1080 dent;
601 1023 634 1067 v.
659 1006 680 1067 2
702 1000 767 1093 qui
788 1025 868 1070 aero
893 1002 1068 1072 increduli
1084 1004 1232 1091 fuerant
1260 1001 1383 1070 Iudaei
1404 1011 1429 1071 ct
1453 1010 1485 1070 δὲ
1505 1004 1716 1086 ἀπειθήσαντες
1742 1006 1801 1095 qui

477 1128 549 1175 non
579 1106 807 1192 obediebant,
833 1109 939 1177 fidem
967 1109 1061 1176 enim
1084 1130 1150 1198 per
1174 1109 1409 1177 obedientiam
1437 1107 1613 1198 apostolus
1639 1107 1802 1177 describit

478 1214 536 1304 (ci.
554 1219 652 1284 Rom.
672 1222 744 1301 1,5;
764 1220 865 1297 11,31
879 1235 935 1301 gr.
955 1218 1052 1297 15,31
1070 1233 1125 1300 gr.
1143 1213 1244 1281 Hebr.
1264 1221 1344 1298 t,18
1356 1236 1410 1301 gr.
1425 1215 1525 1302 etc.);
1540 1213 1685 1283 eacnim
1697 1215 1803 1306 capti·

478 1328 578 1391 vatur
600 1321 796 1389 intellectus
818 1319 856 1386 iu
881 1317 1088 1409 obsequium
1113 1323 1155 1401 εἱς
1178 1328 1232 1404 τὴν
1257 1328 1389 1404 ὑπακοὴν
1408 1319 1531 1387 Christi
1546 1320 1582 1410 (2
1600 1326 1673 1390 Cor.
1694 1324 1800 1413 1o,5),

477 1428 729 1496 suscitaverunt
751 1435 784 1493 et
802 1423 852 1494 ad
874 1423 1096 1494 iracundiam
1120 1425 1380 1510 concitaverunt
1404 1426 1539 1493 amarias
1560 1428 1717 1515 pontium
1745 1428 1805 1496 ad-

479 1555 594 1601 versas
608 1519 741 1623 fratres
756 1531 781 1599 i.
799 1554 831 1598 e.
853 1531 1114 1616 Christllideles,
1137 1537 1292 1601 ἐκάκωσαν
1307 1530 1571 1616 exacerbarunt,
1591 1534 1642 1600 uti
1654 1537 1706 1600 Pa.
1726 1541 1801 1617 105,

478 1647 521 1708 32
543 1642 639 1720 uxx;
662 1638 701 1706 in
721 1639 831 1708 altero
855 1643 946 1708 textu
965 1638 1234 1728 archisynagogi
1255 1646 1291 1706 et
1309 1637 1481 1729 principes
1500 1637 1704 1708 ludaeorum
1722 1663 1805 1710 auc·

478 1752 569 1813 tores
591 1746 863 1836 perturbationis
882 1751 918 1814 et
938 1745 1128 1815 vexationis
1148 1744 1383 1829 nominantur,
1409 1744 1500 1813 idem
1520 1745 1557 1812 in
1577 1751 1694 1816 nostro
1711 1752 1804 1816 textu

479 1859 593 1944 postea
617 1852 656 1921 in
675 1875 708 1922 v.
731 1859 751 1922 5
772 1853 914 1922 effertur
934 1857 968 1921 et
986 1852 1059 1920 lere
1077 1874 1141 1943 per
1161 1873 1197 1920 se
1219 1850 1430 1940 intelligitur
1449 1851 1650 1921 ludaeorum
1670 1855 1806 1922 nobiles

479 1966 513 2026 et
535 1960 738 2028 auctoritate
758 1958 915 2027 valentes
938 1957 1068 2047 primas
1094 1957 1208 2047 egisse
1227 1963 1354 2049 partes.
1378 1962 1503 2027 Verum
1525 1980 1646 2027 eorum
1665 1966 1806 2029 conatus

479 2064 574 2133 haud
598 2064 744 2133 multum
766 2063 934 2148 effecisse,
952 2064 1003 2132 ita
1022 2064 1073 2132 uti
1086 2063 1236 2155 apostoli
1256 2087 1328 2134 non
1345 2086 1367 2132 a
1385 2086 1528 2133 munere
1543 2064 1803 2155 impedirentur,

480 2171 656 2259 colligitur
675 2193 717 2239 ex
733 2193 767 2239 v.
793 2176 813 2238 3
839 2175 874 2238 et
898 2171 1058 2261 explicite
1079 2170 1243 2239 statuitur
1258 2172 1296 2237 in
1315 2171 1422 2238 allero
1437 2176 1531 2237 textu
1550 2173 1735 2239 :Dominus
1748 2194 1808 2240 au·

479 2284 549 2345 tem
568 2278 635 2346 cito
654 2275 750 2346 dedit
766 2298 889 2369 pacem
905 2276 991 2366 (gig)
1010 2283 1045 2344 et
1060 2275 1153 2345 Beda
1167 2276 1289 2345 scribit
1306 2294 1314 2342 τ
1332 2275 1425 2365 quod
1437 2277 1475 2344 in
1486 2298 1611 2365 graeco
1626 2278 1804 2369 sequitur:
1847 2274 1851 2298 ⁸

479 2391 565 2453 Deus
585 2390 701 2453 autem
728 2405 851 2475 pacem
877 2383 975 2468 iecit,
998 2382 1143 2474 quidam
1166 2383 1300 2452 codices
1321 2382 1422 2451 latini
1440 2382 1555 2452 minus
1577 2385 1718 2453 hahent.
1742 2388 1808 2454 Sed

479 2491 709 2560 correctiones
721 2512 887 2560 romanae
899 2492 1016 2560 ierunt
1032 2511 1041 2561 :
1059 2512 1131 2566 non
1144 2489 1308 2558 subiicias
1322 2511 1332 2558 t
1348 2495 1435 2558 [teus
1449 2496 1564 2559 autem
1576 2513 1698 2581 pacem
1712 2493 1805 2561 fecit.

523 2600 649 2666 Contra
668 2595 891 2666 inimicorum
907 2596 1033 2665 Christi
1051 2595 1231 2664 molimina
1249 2595 1480 2686 praeclariore
1503 2595 1605 2663 modo
1623 2597 1731 2665 virtus
1749 2600 1807 2667 Dei

480 2703 652 2773 eminebat
662 2709 726 2771 att
742 2702 853 2770 multo
868 2701 980 2793 igitur
990 2715 1141 2793 tempore
1153 2712 1207 2786 μὲν
1224 2704 1273 2770 οὖν
1287 2701 1494 2792 plerumque
1507 2702 1572 2769 hae
1583 2724 1681 2771 voces
1695 2713 1806 2772 trans·

478 2809 579 2878 ilioni
598 2807 807 2890 inserviunt3
825 2809 1021 2878 accuratius
1038 2807 1090 2875 ita
1103 2807 1198 2875 notio
1213 2807 1410 2893 exhibetur,
1426 2812 1464 2874 ut
1485 2819 1537 2892 μὲν
1557 2830 1629 2877 rem
1649 2833 1811 2901 praesen-

479 2922 547 2985 tem
565 2916 762 3000 confirmet,
781 2918 831 2985 οὖν
846 2920 965 2984 autem
980 2912 1236 2982 conclusionem
1248 2935 1288 2981 ex
1303 2913 1406 2981 rebus
1419 2912 1469 2981 ita
1482 2917 1689 3005 comparatis
1702 2918 1808 2986 confi·

479 3024 559 3107 ciat,
580 3027 619 3090 ut
636 3021 778 3113 proprie
792 3021 909 3090 latinis
927 3020 1111 3117 particulis¹
1121 3019 1260 3110 quidesse
1277 3019 1399 3110 ipitur,
1421 3040 1502 3087 sane
1517 3020 1637 3111 iqitur,
1649 3026 1807 3113 profecto

479 3128 589 3221 {pitter
605 3128 813 3220 respondeat
835 3127 966 3220 (Klotz,
994 3131 1115 3194 [tevar.
1136 3131 1200 3216 lp.
1225 3131 1306 3209 1253
1333 3131 1360 3193 ll
1383 3149 1417 3216 p.
1436 3126 1516 3213 663)
1535 3125 1707 3197 demorati
1727 3144 1809 3199 arent

476 3235 844 3326 fideicialiteraqentes
862 3232 961 3302 omni
977 3232 1154 3312 libertate;
1170 3233 1215 3300 cl.
1241 3238 1342 3315 uado
1360 3232 1398 3299 iu
1412 3232 1558 3300 Doaaino
1576 3242 1623 3303 tal
1641 3248 1684 3324 τῷ
1704 3240 1808 3327 Κυρίῳ

480 3344 553 3410 eius
566 3341 640 3410 scil.
656 3363 722 3433 ope
742 3340 888 3425 sullulti,
902 3341 939 3407 in
956 3337 1032 3431 ipso
1050 3337 1295 3407 confidentiam
1309 3359 1406 3405 suam
1421 3337 1640 3425 collocantes,
1658 3342 1808 3410 testimo·

479 3449 578 3517 nizam
594 3446 795 3539 perlibente
812 3448 914 3515 verbo
925 3444 1062 3537 proriae
1084 3467 1186 3531 same,
1201 3444 1275 3536 ipse
1299 3446 1461 3513 Dominus
1485 3445 1609 3532 verbo,
1625 3449 1748 3517 nuntio
1764 3450 1807 3518 de

479 3557 591 3646 gratia
605 3578 668 3623 sua
680 3553 918 3623 testimonium
936 3551 1164 3644 perhibebat,
1189 3550 1408 3639 evangelium
1424 3554 1557 3640 gratiae
1574 3576 1656 3622 suae
1677 3557 1806 3646 (butt)

482 3662 708 3732 confirmabat
721 3661 847 3749 signis,
863 3658 971 3727 dante
989 3661 1092 3749 siqua
1111 3670 1145 3726 et
1163 3657 1333 3748 prodipia
1347 3656 1428 3747 fieri
1437 3680 1503 3749 per
1523 3680 1646 3728 moneas
1668 3684 1810 3749 eorum,·

482 3771 525 3839 cl.
558 3776 655 3853 a,t3;
678 3774 770 3854 5,st
788 3764 936 3852 Proinde
954 3765 1120 3855 impletur
1135 3763 1318 3855 promissio
1347 3762 1469 3832 Christi
1494 3771 1592 3837 llarc.
1623 3774 1803 3851 1o,1·1.20.

481 3881 596 3968 Neque
610 3882 728 3944 tamen
741 3871 960 3965 oppugnatio
981 3871 1189 3940 ludaeorum
1203 3877 1238 3938 et
1259 3892 1378 3939 eorum
1392 3870 1429 3937 in
1448 3872 1599 3963 reliquos
1614 3876 1704 3943 cives
1718 3878 1808 3945 actio

482 3980 786 4072 contraapostolos
798 3979 958 4048 cessabat
978 4000 1012 4047 v.
1036 3984 1054 4045 l
1075 3976 1185 4045 divisa
1201 3988 1253 4045 eat
1266 3989 1383 4045 autem
1403 3977 1589 4047 multitudo
1611 3981 1763 4051 civitatis
1776 3997 1808 4052 et

483 4088 625 4181 paridam
640 4086 784 4179 quidem
803 4099 905 4154 erant
920 4107 999 4185 curn
1018 4083 1175 4167 laedaris,
1200 4083 1345 4175 paridam
1371 4106 1449 4151 cero
1476 4107 1556 4153 cum
1576 4089 1755 4177 apostolia,
1784 4103 1809 4161 ct

484 4209 549 4282 μὲν,
565 4205 590 4266 0!
602 4203 651 4281 δὲ,
680 4192 800 4263 alii-
814 4192 887 4261 alii.
904 4196 975 4260 lloc
994 4192 1069 4259 loco
1084 4198 1118 4259 et
1132 4191 1170 4258 in
1187 4213 1220 4259 v.
1239 4196 1280 4258 13
1297 4189 1421 4259 Paulus
1440 4195 1474 4259 et
1495 4194 1667 4264 Barnabas
1685 4197 1805 4267 dicun·

484 4315 539 4372 tur
554 4300 717 4393 apostoli;
736 4298 830 4393 quod
848 4319 979 4368 nomen
993 4297 1079 4365 alias
1100 4297 1139 4365 in
1161 4302 1235 4365 Act.
1252 4296 1294 4365 iis
1314 4319 1384 4365 non
1404 4297 1618 4383 inditur,'sed
1632 4304 1809 4393 prioribus

482 4411 590 4480 solum
601 4407 725 4478 Christi
735 4405 911 4499 apostolis.
927 4402 1023 4474 Unde
1037 4403 1146 4496 aliqui
1157 4404 1279 4473 volunt
1291 4404 1414 4472 haberi
1426 4405 1482 4472 hic
1496 4413 1626 4475 certum
1641 4410 1807 4481 indicium

483 4517 623 4586 alterius
636 4515 741 4584 fontis
755 4538 796 4583 ex
811 4537 880 4607 quo
899 4513 987 4582 haec
1000 4511 1069 4580 sint
1085 4511 1304 4604 deprompta.
1322 4512 1360 4580 ld
1372 4517 1486 4581 tamen
1499 4513 1656 4585 subtilius
1671 4518 1810 4589 videtur

483 4622 712 4711 excogitatum
721 4644 804 4691 esse.
821 4626 987 4712 Suppone
1001 4619 1145 4705 etenim,
1160 4619 1298 4688 noluise
1308 4620 1509 4712 scriptorem
1520 4643 1656 4714 semper
1670 4625 1740 4695 duo
1750 4628 1811 4696 illa

483 4737 636 4822 repetere
650 4730 793 4799 nomina
810 4750 818 4798 :
834 4727 962 4797 Paulus
976 4731 1012 4796 et
1030 4726 1221 4811 Barnabas,
1236 4726 1374 4817 qualem
1397 4726 1514 4818 itaque
1535 4727 1811 4819 designationem

483 4837 626 4926 seligat?
636 4858 751 4905 nonne
764 4836 876 4921 illam,
892 4856 981 4927 quae
991 4834 1023 4904 ei
1038 4839 1168 4918 ex13,t
1182 4854 1287 4926 quam
1300 4833 1455 4926 proxime
1468 4834 1682 4927 imponitur?
1696 4863 1812 4913 nonne
