4092 5490
24 318 84 413 s
271 318 330 377 aaa
375 287 381 295 ’
803 320 1051 408 rectula-m.

271 462 436 548 habebat,
457 464 549 533 unde
576 466 689 557 ipsum
715 457 843 535 numen
874 470 968 560 quod
992 468 1031 537 in
1059 466 1187 559 templo
1214 465 1380 540 ¹habitans
1413 476 1584 550 consetur,

269 574 350 638 ante
379 572 501 641 urbem
530 595 600 641 esse
625 572 762 656 dicitur,
782 579 857 642 erat
881 575 999 667 itaque
1027 579 1103 656 Ζεὺς
1133 579 1289 662 πρόπολος
1319 570 1443 662 (Beel.)
1471 578 1506 639 et
1533 605 1587 644 πο·
1639 607 1642 612 ·

24 702 31 715 ’
77 746 96 769 ἱ,
188 724 198 763 ,
270 686 391 768 treuge<
411 701 541 748 numen
558 679 702 747 tutelare
720 679 833 763 urbis;
850 679 933 770 quia
952 681 1070 771 itaque
1090 684 1203 746 lovem
1222 678 1383 747 colebant
1407 676 1505 746 urbis
1528 701 1587 748 cu-

268 784 401 853 stodem
422 793 456 852 et
480 790 767 868 conservatorem,
791 806 831 851 eo
852 784 986 851 facilius
1006 784 1045 850 in
1066 784 1129 851 illo
1150 783 1317 850 miraculo
1341 785 1456 874 ipsum
1478 784 1585 853 deum

268 913 340 960 sese
363 891 481 959 sistere
502 910 582 955 cum
604 890 783 972 Mercurio,
803 890 896 955 socio
922 911 962 957 ac
981 910 1166 979 praecone,
1185 887 1380 957 existimare
1404 896 1584 981 poterant,

269 1009 385 1065 tauros
404 1017 445 1061 ac
466 1015 608 1061 coronas
626 1006 706 1062 ante
725 994 849 1062 ianuas
870 995 1041 1086 afferens·
1060 1015 1145 1064 nam*
1169 1025 1185 1057 a
1209 1002 1327 1062 taurus
1353 994 1433 1078 tibi,
1452 1020 1586 1066 summe

268 1102 412 1170 deorum
440 1125 457 1160 n
488 1098 604 1189 (Ouid.
625 1104 755 1170 lletam.
775 1101 905 1193 t,755);
937 1130 953 1165 a
978 1102 1072 1193 ipsae
1097 1104 1188 1171 tores
1213 1107 1247 1170 et
1273 1103 1369 1193 ipsae
1392 1101 1524 1171 hostiae
1552 1110 1587 1170 et
1626 1140 1633 1150 ·

268 1228 366 1290 arae,
382 1207 450 1296 ipsi
468 1205 615 1275 ministri
632 1214 667 1276 et
682 1209 876 1276 sacerdotes
889 1230 1006 1276 eorum
1026 1206 1237 1277 coronantur
1256 1235 1273 1270 o
1295 1207 1452 1298 (Tertull.
1471 1209 1515 1277 de
1531 1231 1587 1276 co·

270 1334 357 1380 rona
377 1318 434 1396 103
456 1316 506 1383 M.
526 1313 637 1404 2,91);
659 1321 706 1383 ἐπὶ
726 1322 795 1395 τοὺς
817 1322 958 1395 πυλῶνας
977 1313 1136 1381 vestibuli
1154 1313 1227 1381 scil.
1244 1312 1383 1382 aedium
1402 1302 1587 1407 inquibus

193 1419 196 1425 ’
267 1420 390 1488 Paulus
411 1406 446 1489 et
465 1419 639 1488 Barnabas
657 1418 917 1487 diversabantur
940 1419 1039 1509 (Lep.
1056 1418 1149 1487 Beel.
1165 1423 1261 1488 Patr.
1284 1419 1407 1509 Feta),
1433 1420 1477 1489 de
1502 1443 1586 1489 voce

267 1526 313 1594 cf.
331 1532 583 1628 1⁰,1731n,1a;
601 1534 723 1594 «πύλαι
741 1547 811 1593 uon
830 1533 908 1594 sunt
926 1526 992 1593 nisi
1006 1526 1229 1616 oppidorum,
1247 1524 1475 1616 palatiorum,
1493 1527 1586 1595 simi-

267 1628 372 1715 lium;
387 1637 423 1700 at
438 1639 575 1711 πυλῶνες
591 1631 737 1699 cuiusvis
750 1631 889 1716 domus,
904 1631 1049 1723 pluralis
1068 1638 1276 1714 structuram
1290 1632 1459 1701 maiorem
1476 1632 1585 1712 deno-

151 1727 176 1787 '·
239 1743 319 1805 ⁴tat
333 1764 350 1800 o
373 1735 470 1827 (Bt).
484 1737 634 1825 lntelligi
648 1737 853 1827 vestibulum
871 1738 1010 1825 domus,
1026 1744 1122 1828 patet
1139 1761 1180 1807 ex
1197 1761 1229 1805 v.
1249 1744 1290 1807 13
1310 1735 1532 1827 assilierunt,
1550 1742 1586 1806 et
1627 1732 1633 1743 '

269 1844 298 1911 si
316 1842 358 1911 iis
379 1843 558 1912 immolare
583 1842 758 1928 volebant,
775 1844 928 1935 profecto
949 1866 1017 1912 non
1040 1845 1085 1913 ad
1105 1843 1214 1913 alium
1235 1843 1350 1912 locum
1372 1845 1581 1929 tendebant,

267 1948 329 2019 scd
351 1972 409 2035 eo,
426 1950 487 2018 uhi
510 1946 656 2041 apostoli
675 1955 783 2019 erant.
803 1956 912 2029 Quare
934 1946 1006 2019 non
1027 1957 1129 2041 porta
1152 1950 1252 2020 urbis
1277 1944 1457 2043 (chdt),
1475 1952 1584 2035 multo

266 2057 380 2124 minus
391 2062 493 2147 porta
505 2056 625 2146 templi
642 2056 729 2124 lovis
742 2055 884 2147 (Weiss)
899 2056 1048 2145 intelligi
1061 2061 1191 2147 potest;
1209 2056 1383 2147 quomodo
1397 2056 1491 2125 enim
1503 2061 1583 2125 ante

268 2163 407 2247 urbem,
424 2162 480 2230 vel
494 2169 573 2230 ante
587 2162 753 2253 templum
772 2167 867 2231 extra
880 2162 1002 2231 urbem
1019 2163 1179 2231 offerrent
1190 2161 1397 2231 sacrificium
1413 2161 1479 2231 diis
1497 2184 1584 2255 quos
1601 2252 1602 2255 Ἴ

267 2267 394 2359 inipso
410 2267 498 2336 urbe
511 2267 549 2336 in
560 2268 677 2360 aliqua
692 2269 794 2338 domo
810 2275 1006 2360 praesentes
1021 2291 1093 2338 esse
1105 2269 1315 2338 credebant?
1329 2273 1369 2338 Et
1388 2267 1581 2359 quomodo,

117 2430 136 2451 π
266 2373 404 2442 sialibi
431 2373 610 2475 offerrent,
633 2375 776 2465 apostoli
802 2377 915 2444 statim
942 2381 1189 2464 cognoscerent
1214 2375 1281 2443 sibi
1307 2375 1428 2466 parari
1450 2373 1582 2443 sacrifi·
1698 2452 1702 2457 ,

266 2481 378 2548 cium?
1279 2545 1282 2549 .
1329 2532 1332 2540 ,

308 2586 453 2655 Advenit
474 2587 591 2678 itaque
612 2586 766 2656 sacerdos
792 2607 869 2654 cum
892 2586 1030 2657 turbis:
1058 2610 1135 2657 cam
1149 2586 1294 2679 populis
1313 2587 1449 2657 colebat
1472 2588 1582 2657 saeri-

262 2691 390 2782 ficare,·
411 2715 444 2762 v.
473 2699 514 2762 13
536 2692 630 2783 qtcod
651 2692 709 2761 ubi
736 2692 922 2762 aadierzmt
946 2694 1110 2784 apostoli,
1134 2722 1150 2757 a
1178 2695 1264 2762 haec
1289 2694 1484 2763 necessario
1510 2715 1581 2761 non

266 2798 381 2866 statim
396 2804 474 2890 post
493 2800 697 2867 miraculum
714 2798 801 2866 illud
821 2799 926 2884 facta,
942 2800 1002 2868 sed
1021 2807 1177 2892 tempore
1195 2800 1312 2891 aliquo
1330 2799 1530 2884 interiecto,
1548 2804 1582 2866 ct

264 2903 439 2973 redierant
452 2907 522 2973 iam
536 2905 728 2996 apostoliin
743 2905 929 2995 hospitium
944 2928 1044 2976 suum
1061 2934 1078 2970 n
1093 2905 1195 2997 (Bag
1212 2927 1332 2974 rumor
1350 2906 1445 2974 enim
1460 2904 1581 2973 debuit
1616 2988 1619 2994 ι
1751 2905 1753 2908 ’

263 3011 398 3102 spargi,
415 3012 531 3080 afferri
544 3011 589 3080 ad
604 3012 689 3080 lovis
703 3010 931 3102 sacerdotem,
946 3011 1118 3096 victimas,
1134 3034 1277 3081 coronas
1291 3013 1426 3103 parari;
1447 3010 1581 3080 interea

265 3116 367 3185 etiam
386 3115 573 3186 audierunt
590 3141 627 3185 re
646 3116 728 3200 sibi,
742 3138 821 3186 cum
842 3117 937 3185 domi
951 3123 1064 3186 essent
1084 3119 1258 3203 nuntiata,
1282 3117 1350 3187 nisi
1367 3116 1464 3186 enim
1484 3116 1581 3185 domi

268 3230 346 3291 tunc
360 3230 486 3307 essent,
502 3224 597 3314 quod
608 3223 773 3312 agebatur
786 3223 853 3314 ipsi
868 3223 1032 3292 uidissent
1050 3225 1177 3314 (Patr.)
1198 3225 1251 3293 vel
1265 3230 1358 3293 certe
1377 3222 1483 3292 debet
1500 3244 1579 3314 sup-

261 3330 345 3420 poni
363 3329 407 3397 ab
426 3351 496 3397 uno
519 3330 669 3398 alterove
687 3334 850 3417 Lystreno
870 3330 1034 3417 apostolis
1055 3329 1262 3422 explicatum
1282 3353 1371 3414 esse,
1389 3329 1479 3421 quid
1499 3336 1578 3397 tan·

261 3435 340 3503 dem
367 3436 489 3505 turbae
519 3434 723 3504 vociferatae
751 3441 861 3504 essent
887 3440 921 3503 et
953 3436 1038 3525 quid
1067 3442 1254 3528 apparatus
1282 3436 1484 3505 sacrificalis
1510 3433 1578 3504 sibi

260 3542 379 3623 vellet,
400 3544 576 3610 Barnabas
597 3554 629 3609 et
651 3540 798 3630 Paulas,
820 3541 878 3608 ille
901 3540 1019 3631 priore
1046 3542 1136 3624 loeo,
1157 3564 1311 3612 summus
1335 3542 1409 3610 scil.
1432 3542 1576 3610 deorum

259 3646 485 3731 existimatus,
506 3648 680 3716 conscissis
701 3648 827 3715 tunicis
849 3647 921 3715 sais
945 3647 989 3716 ad
1010 3647 1257 3716 declarandum
1286 3647 1440 3716 dolorem
1468 3647 1577 3715 maxi-

261 3774 357 3821 mum
384 3759 419 3821 et
447 3753 720 3841 indignationem
745 3760 779 3821 et
806 3754 957 3836 luctum,
982 3776 1046 3845 pro
1074 3775 1170 3823 more
1197 3753 1418 3838 ludaeorum,
1441 3752 1576 3822 easilic-

259 3872 343 3928 runt
365 3859 404 3926 in
419 3862 549 3945 turbas,
566 3859 751 3927 clansantes
771 3881 804 3927 v.
824 3865 863 3927 rt
881 3872 914 3927 et
932 3858 1081 3929 dicentes
1095 3881 1109 3927 .·
1123 3859 1206 3946 oiri,
1221 3859 1310 3951 qaid
1325 3860 1411 3929 haec
1427 3859 1576 3947 facitis?

259 3975 289 4036 τί
317 3967 342 4033 i.
363 3988 394 4033 e.
418 3970 464 4035 διὰ
493 3975 521 4036 τί
545 3973 638 4049 1,11;
662 3971 740 4049 ἳθβ
768 3965 829 4049 al.,
853 3978 886 4033 et
907 3989 969 4035 nos
993 3965 1152 4035 mortales
1177 3989 1294 4035 sumus
1322 3966 1453 4035 similes
1481 3963 1575 4033 vobis

258 4070 412 4140 nomines
434 4081 622 4156 ὁμοιοπαθεῖς
642 4072 701 4162 qui
719 4071 839 4141 eadem
854 4072 1028 4141 vobiscum
1042 4073 1204 4164 patimur,
1224 4073 1364 4142 easdem
1377 4071 1574 4142 affectiones

258 4179 442 4262 humanas,
460 4177 628 4260 delectus,
643 4180 858 4247 necessitates
871 4181 1076 4270 experimur,
1092 4179 1340 4248 annuntiantes
1351 4176 1447 4246 cobis
1462 4179 1505 4244 ab
1519 4175 1574 4245 leis

114 4269 117 4277 ¹
172 4353 174 4357 ,
258 4284 356 4353 oanis
370 4288 404 4351 et
415 4283 576 4351 inanibus
590 4281 667 4366 diis,
683 4306 829 4376 quorum
841 4286 981 4368 nomina
995 4285 1136 4354 vocibus
1143 4285 1325 4353 turbarum
1335 4282 1570 4368 celebrantur,

258 4390 399 4458 omnino
417 4390 526 4459 averti
542 4395 575 4457 ct
591 4390 740 4457 converti
757 4390 805 4458 ad
820 4394 930 4460 Dazan
947 4394 1061 4461 vioean
1075 4392 1138 4484 qni
1150 4391 1237 4482 [ecit
1252 4389 1385 4458 eoelum
1399 4401 1432 4457 ct
1445 4403 1571 4458 terram

260 4509 295 4565 et
308 4519 401 4565 mare
415 4511 448 4565 et
464 4496 581 4565 onznia
595 4518 682 4587 quae
698 4496 734 4564 in
752 4497 799 4564 eis
817 4509 913 4585 sant,
930 4521 972 4566 en
991 4499 1106 4567 statim
1124 4496 1282 4565 indicant
1296 4518 1337 4565 ex
1355 4517 1461 4589 opere
1474 4517 1571 4564 crea·

153 4644 155 4648 ⁴
256 4603 373 4688 tionis,
389 4625 428 4670 ex
448 4605 578 4674 mundo
594 4601 816 4693 adspectabili
834 4625 933 4692 posse
950 4605 1111 4693 cognosci
1126 4610 1230 4672 Deum
1251 4603 1370 4671 vivum
1391 4602 1449 4693 (cl.
1469 4606 1567 4671 Rom.

258 4715 348 4793 s,1s.
366 4715 446 4801 Sap.
462 4711 603 4799 tut-6).
618 4711 712 4778 Hisce
731 4729 835 4800 quam
855 4709 1000 4778 maxime
1024 4710 1203 4780 declarant
1224 4715 1362 4778 tantum
1382 4710 1517 4792 abesse,
1532 4714 1571 4775 ut
