4054 5442
266 319 325 379 seo
461 295 467 310 '
836 337 903 382 aer.
926 318 1029 392 erio.

266 472 377 532 sittace,
390 471 420 522 ct
433 470 469 522 de
483 471 588 523 iudicio
601 472 710 536 tuturo,
727 472 907 526 tremetaotus
943 467 998 539 περὶ
1029 465 1184 534 δικαιοσύνης
1214 464 1256 517 zat
1290 461 1433 536 ἔγνρατνίις
1468 467 1510 518 καὶ
1545 473 1589 522 τοῦ

265 558 345 610 Felix
369 559 515 624 respondit
539 574 547 612 ι
575 562 657 623 Quod
687 574 764 612 nuno
789 562 906 623 attinet,
943 557 1062 628 κρίματος
1087 558 1131 609 τοῦ
1157 554 1294 627 μέλλοντος
1321 552 1430 625 ippotae
1458 553 1589 624 γενόμενος

264 645 350 710 vade;
372 649 498 714 tempore
520 652 615 702 autem
635 650 796 714 opportuno
817 660 907 699 accer-
943 644 958 697 d
984 643 1068 711 Φῆλιξ
1096 641 1230 714 ἀπεκρίθη,
1257 643 1286 697 τὸ
1315 645 1358 696 νῦν
1387 642 1447 717 ἔχον
1471 643 1586 713 mutuo·

264 748 326 788 sam
339 742 377 800 te,
391 737 436 790 26.
453 737 543 790 Simul
556 741 586 789 et
601 749 719 801 sperans
735 735 811 800 quod
827 748 909 799 pecu·
944 731 1029 802 καιρὸν
1048 731 1075 785 et
1093 730 1242 802 μιταλοοὼν
1263 731 1466 803 μετακαλέσομαί
1483 749 1522 799 οε,
1543 734 1587 784 id.

263 827 311 876 nia
329 827 356 877 el
378 826 524 877 duratura
538 824 645 885 Paulo,
661 822 866 887 propterquod
880 827 909 873 el
945 819 996 889 ἅμα
1023 819 1066 871 sal
1092 818 1211 881 ἰλοιΐζων,
1240 820 1279 872 ὅτι
1308 820 1428 892 χρήματα
1456 820 1589 888 δοθήσεται

263 912 427 980 trequenter
454 923 604 964 accersens
636 922 715 972 eum,
743 910 910 977 loquebatur
945 904 1034 976 (αὐτῷ)
1054 904 1101 960 int
1119 908 1164 959 rot
1180 892 1293 973 Hediae,
1313 907 1353 960 διὸ
1377 907 1420 960 ssi
1437 907 1587 978 meristeos

207 1052 210 1057 .
264 1014 388 1054 cumeo.
404 999 448 1050 tr.
467 998 589 1050 Biennio
606 999 701 1050 autem
720 999 844 1062 expleto,
861 1010 910 1049 ac·
945 992 1020 1048 aitis
1052 993 1273 1066 μιαιιιμτόμινος
1304 994 1395 1066 apuu
1428 993 1506 1065 αὗιῷ.
1542 999 1587 1051 27.

263 1091 339 1154 cepit
369 1098 561 1138 succemorem
590 1086 669 1139 Felix
702 1086 828 1138 Potitum
856 1086 909 1137 Fe·
945 1082 1039 1146 Διετίας
1067 1082 1094 1137 di
1121 1082 1294 1154 κληρωθιῐοης
1318 1082 1407 1136 licias
1430 1082 1550 1153 διάδοχον
1573 1082 1588 1134 d

264 1179 348 1229 stum.
369 1174 477 1246 Volent
501 1176 595 1227 autem
620 1175 741 1240 gratiam
767 1179 909 1242 praestare
945 1169 1029 1238 Φῆλιξ
1059 1170 1167 1242 Πόρκιον
1195 1172 1308 1238 Φῆστον·
1339 1171 1418 1226 otton
1444 1190 1471 1225 τι
1496 1171 1589 1242 χάριτα

265 1263 377 1334 ludaeis
408 1262 501 1325 Felix,
535 1263 650 1333 reliquit
682 1264 801 1316 Paulum
831 1264 910 1314 vinc-
946 1259 1094 1314 mustiolae
1110 1262 1165 1323 τοῖς
1186 1257 1314 1322 ’limatae
1331 1259 1346 1312 t
1364 1258 1456 1330 Φῆλιξ,
1473 1258 1587 1313 mittini

263 1356 334 1404 tum.
947 1347 990 1415 τον
1011 1346 1111 1402 Παῦλον
1128 1349 1271 1420 indeptum.

298 1529 331 1578 ln
345 1542 372 1580 ν.
392 1529 423 1580 li
439 1543 596 1580 ιτιοοσταοιν
612 1527 694 1579 HLP
708 1528 736 1578 al
751 1527 813 1592 pler
828 1530 874 1579 cat
888 1528 993 1593 Epion,
1007 1529 1057 1593 gig
1069 1527 1262 1580 dissensiones
1276 1532 1443 1580 mouentem.
1459 1531 1490 1580 ln
1504 1543 1533 1580 ν.
1556 1531 1585 1582 ti

261 1630 308 1669 am
321 1616 351 1688 tu
364 1617 458 1668 demtd
471 1617 544 1681 patri
559 1617 613 1668 deo
627 1628 700 1679 aneo,
715 1615 755 1687 tot
769 1615 823 1668 deo
836 1617 910 1680 patri
924 1628 997 1677 meo,
1013 1617 1063 1681 gig
1076 1617 1147 1681 patri
1159 1616 1224 1668 dco.
1240 1617 1273 1667 ln
1288 1631 1315 1666 ν.
1329 1617 1360 1667 at
1378 1632 1407 1684 ιφ
1420 1634 1489 1685 opus
1509 1618 1586 1674 ιιΒῦ

261 1705 320 1770 aliq
332 1707 456 1767 minuso;
471 1704 534 1770 pler
546 1719 588 1773 νο.
605 1704 639 1755 ln
654 1717 681 1754 ν.
698 1703 786 1769 ripn
802 1701 866 1772 (mg)
882 1716 956 1769 quae
972 1704 1092 1769 rogabat
1110 1704 1207 1755 videre
1221 1705 1341 1756 Paulum
1358 1714 1388 1756 et
1406 1707 1504 1756 audire
1522 1718 1586 1757 ver·

260 1791 341 1854 bum3
357 1793 457 1844 volens
470 1794 557 1858 igitur
570 1788 733 1844 mustacem
747 1793 775 1844 el
788 1793 935 1844 accersivit
948 1792 1080 1855 Paulum
1098 1793 1166 1845 item
1181 1793 1309 1845 Cassiod.
1326 1793 1358 1843 in
1372 1807 1401 1842 ν.
1416 1794 1450 1844 tc
1461 1796 1510 1859 gig
1523 1808 1586 1845 eum

261 1879 433 1932 wcerelebat
450 1885 568 1933 secrete.
585 1880 619 1932 ln
636 1893 665 1931 v.
685 1880 719 1932 tt
742 1880 802 1932 ¹³7.
822 1895 864 1930 τον
886 1877 914 1930 οι
932 1877 1027 1931 moins
1045 1895 1126 1931 ιιαοιν
1147 1895 1171 1930 ιν
1191 1896 1292 1948 τηρηοιι
1310 1877 1351 1929 δια
1368 1877 1533 1949 δροοοιλλανς
1548 1883 1586 1947 pli

263 1964 329 2038 (mg)
342 1968 459 2038 reliquit
472 1970 502 2020 tn
515 1980 630 2021 carcere
643 1970 759 2034 propter
773 1968 934 2020 Drusillam.

306 2150 451 2240 Singula
469 2150 700 2220 accusationis
727 2150 842 2243 capita
865 2152 988 2220 Paulus
1010 2152 1173 2235 breviter,
1196 2152 1256 2220 sed
1276 2152 1465 2221 efficaciter
1484 2154 1587 2221 diluit

262 2256 412 2348 simplici
433 2278 550 2325 rerum
571 2257 806 2337 enarrationc;
827 2279 861 2324 ν.
881 2263 921 2325 10
936 2256 1113 2348 respondit
1129 2271 1245 2325 autem
1262 2259 1395 2327 Paulus
1414 2271 1586 2327 nutrirentur

262 2361 330 2431 sibi
342 2359 504 2453 praeside
517 2360 632 2431 dicere
645 2382 660 2429 .·
672 2384 716 2429 er
727 2361 848 2430 multis
861 2362 964 2431 annis
979 2376 1012 2430 te
1024 2386 1094 2432 esse
1107 2362 1256 2432 indicem
1270 2365 1369 2455 penti
1382 2365 1463 2431 tun
1480 2365 1586 2432 sciens

263 2468 351 2535 dono
370 2467 489 2536 animo
509 2488 574 2557 pro
593 2490 648 2536 me
664 2466 902 2556 satisfaciam
924 2491 968 2537 eu
987 2469 1082 2538 aliud
1101 2469 1278 2539 exordium
1295 2469 1397 2561 plane
1411 2470 1584 2539 diversum

263 2574 308 2642 ab
331 2573 529 2643 adulatione
551 2574 615 2642 illa
628 2573 773 2643 Tertulli
786 2581 821 2643 et
838 2581 953 2644 tamen
967 2575 1071 2644 etiam
1091 2576 1242 2666 captatio
1261 2576 1536 2657 benevolentiae,
1550 2583 1586 2644 at

263 2679 417 2769 apostolo
446 2678 554 2769 digna
584 2686 619 2749 et
643 2680 694 2749 rei
715 2680 851 2749 veritati
874 2703 1037 2770 congrua.
1063 2683 1118 2749 iit
1137 2681 1229 2749 enim
1257 2703 1293 2749 sc
1318 2689 1453 2766 εὐθύμως
1476 2684 1582 2757 bono.

262 2784 368 2851 alacri
389 2784 507 2854 animo
526 2785 680 2875 prolerre
694 2788 731 2855 τὰ
744 2794 814 2875 περὶ
827 2795 899 2871 ἐμοῦ
914 2808 1002 2878 quae
1016 2787 1126 2854 deme
1141 2785 1288 2854 dicenda
1302 2789 1387 2872 sint,
1404 2789 1484 2879 quia
1501 2788 1585 2855 sciat

261 2911 342 2958 eum
367 2890 455 2960 bene
474 2912 573 2961 nome
597 2890 803 2960 ludaeorum
823 2913 935 2961 mores
955 2897 989 2961 et
1007 2892 1178 2975 instituta,
1199 2894 1329 2984 quippe
1351 2893 1411 2984 qui
1433 2896 1500 2961 iam
1525 2917 1586 2984 per

263 2995 387 3065 mullos
409 3018 519 3067 annos
537 2997 582 3065 sit
594 2996 697 3066 iudex
715 2997 753 3066 in
770 3020 813 3067 ea
825 3004 929 3087 gente
943 2999 1155 3067 constitutus.
1173 3000 1275 3067 Proin
1287 2999 1444 3069 enuntiat
1457 3023 1493 3068 sc
1506 3022 1585 3068 con·

261 3100 368 3170 fidere
391 3100 499 3171 iudici
520 3101 746 3197 iudicemque
765 3103 884 3173 laudat
906 3110 1024 3195 utpote
1043 3125 1192 3193 gnarum
1216 3127 1333 3173 rerum
1354 3106 1583 3174 iudaicarum.

262 3212 342 3276 Erat
363 3207 455 3276 Felix
474 3229 613 3298 praeses
630 3209 677 3278 ab
694 3231 787 3279 aaao
806 3217 862 3292 52,
882 3210 934 3277 uti
952 3211 1110 3301 plerique
1130 3216 1286 3278 statuunt
1306 3212 1364 3301 (ci.
1390 3211 1477 3278 r'eu.
1498 3211 1583 3279 neu.

266 3310 410 3401 chdt,
434 3312 585 3382 Scltdrer
605 3319 618 3383 l
642 3338 677 3407 p.
703 3317 802 3405 t'l't);
828 3316 922 3405 quod
948 3316 1157 3385 concludunt
1182 3340 1221 3383 cx
1246 3339 1285 3384 eo
1310 3318 1403 3408 quod
1424 3317 1586 3409 Iosephus

261 3420 352 3488 iacta
370 3421 545 3489 mentione
563 3419 607 3489 de
619 3420 730 3490 Felice
748 3443 810 3512 per
824 3421 1006 3490 Claudium
1023 3421 1058 3489 in
1081 3423 1240 3491 ludaeam
1257 3423 1357 3491 misso
1373 3424 1491 3491 subdit
1502 3447 1583 3492 nar-

261 3525 432 3596 rationem
458 3547 500 3595 ex
528 3548 622 3595 anno
652 3525 858 3596 duodecimo
885 3526 1017 3596 Claudii
1041 3529 1171 3619 (lntiq.
1199 3523 1349 3619 Ι9.ο,ῖ,1);
1380 3553 1507 3597 annum
1542 3538 1580 3599 51

261 3633 417 3722 assignat
439 3631 624 3715 Ηαηιιιολς
641 3639 677 3702 at
695 3655 735 3702 ex
752 3632 795 3701 iis
812 3656 902 3724 quae
927 3633 1064 3702 Tacitus
1084 3636 1206 3717 refert,
1231 3637 1408 3703 deliniam
1428 3637 1473 3705 ab
1493 3658 1585 3704 anno

263 3745 305 3809 ta
327 3740 519 3809 Samariam
540 3738 821 3821 administrabat,
838 3746 873 3808 et
888 3739 931 3808 ad
947 3761 1076 3808 annum
1094 3747 1137 3808 52
1156 3740 1284 3810 dicitur
1297 3742 1342 3809 ab
1355 3764 1396 3809 oo
1412 3741 1501 3810 Felix
1516 3743 1583 3809 ium

261 3845 397 3938 pridem
413 3845 559 3940 iudaeae
570 3844 754 3938 impositus
768 3845 904 3937 (annal.
922 3846 1051 3935 inat).
1066 3851 1110 3914 En
1124 3848 1270 3916 Eusebio
1285 3847 1463 3936 colligitur
1475 3871 1586 3917 annus

262 3958 304 4019 50
328 3950 384 4020 vel
404 3958 461 4035 tl,
482 3968 553 4042 quc
576 3951 669 4021 Felix
689 3951 735 4021 sit
753 3952 791 4020 in
815 3951 978 4021 Iudaeam
998 3952 1120 4021 missus
1140 3953 1197 4041 (ci.
1220 3953 1308 4021 neu.
1326 3954 1584 4031 Quartalsohrilt

264 4060 349 4125 1898
378 4079 414 4148 p.
435 4058 529 4147 366).
553 4061 599 4126 Ex
624 4057 718 4127 hisce
738 4080 824 4149 ergo
850 4058 983 4150 explica
997 4054 1138 4127 'neutros
1159 4081 1269 4127 annos
1291 4060 1393 4129 modo
1415 4060 1581 4137 oratori03

261 4184 341 4231 cum
360 4184 394 4230 ν.
415 4184 451 4252 g.
472 4162 627 4232 Valerius
646 4167 766 4233 Gratus
783 4170 987 4257 procurator
1007 4165 1125 4234 fuisset
1140 4167 1185 4233 ab
1201 4188 1293 4234 anno
1313 4174 1426 4248 15-26,
1451 4174 1484 4234 ct
1498 4168 1583 4235 Pila-

262 4274 318 4337 tus
333 4269 378 4336 ab
392 4290 483 4338 anno
498 4275 620 4352 acad,
642 4270 767 4339 Paulus
780 4270 867 4339 haec
886 4291 957 4338 non
971 4271 1134 4359 ignorans
1153 4279 1244 4340 certe
1262 4279 1329 4339 tres
1347 4273 1402 4340 vel
1422 4279 1585 4361 quattuor

262 4396 372 4444 annos
394 4398 466 4444 non
484 4375 649 4468 potuisset
670 4376 784 4445 dicere
808 4375 948 4456 multos:
974 4376 1164 4445 sallemscx
1181 4379 1233 4446 vel
1254 4386 1383 4468 septem
1399 4400 1506 4446 annos
1522 4379 1582 4447 de·

264 4481 341 4550 buit
361 4481 570 4571 intelligere.
595 4485 754 4552 Ceterum
775 4481 804 4550 si
828 4482 1018 4551 narrationi
1042 4484 1145 4553 Taciti
1165 4484 1354 4576 quidquam
1367 4484 1438 4551 veri
1454 4485 1581 4570 subest,

264 4587 359 4656 nulla
372 4609 513 4679 prorsus
524 4592 722 4680 potestesse
736 4588 992 4678 diilicultuslci.
1010 4590 1099 4659 Bels.
1114 4591 1138 4657 l.
1156 4613 1187 4657 c.
1205 4592 1296 4680 363).

304 4694 425 4764 Statim
442 4694 693 4763 accusationem
713 4694 893 4764 seditionis
915 4694 1113 4765 diluendam
1133 4696 1336 4785 aggreditur
1348 4697 1528 4767 ostendens
1543 4720 1579 4764 se
