4010 5474
250 338 312 399 rest
603 318 614 329 '
787 356 855 401 m.
879 340 1033 411 sset-se

247 486 398 569 iactent,
414 510 521 579 seque
539 488 769 555 ramauoiure
786 495 820 553 et
841 486 917 574 lege
934 486 1052 552 rivere
1072 484 1163 551 velle
1183 483 1364 551 ridebere
1379 487 1575 571 affirm&

249 592 326 660 illos
343 604 460 662 eutem
476 616 512 661 se
526 593 674 661 rebelles
696 592 881 682 praebere,
901 613 980 658 eum
1002 596 1174 659 Romanos
1190 612 1214 658 a
1235 590 1316 678 lege
1327 613 1475 658 romana
1488 593 1577 659 defi-

247 722 325 769 cere
337 700 496 769 doceant,
510 703 593 767 Sam
608 698 688 783 lege
699 718 841 763 romana
854 706 993 765 cautum
1005 704 1080 766 erat
1102 698 1312 789 :separatim
1327 720 1431 766 nemo
1448 698 1577 766 hahes-

245 806 290 873 sit
301 806 385 875 dees
394 827 480 874 nese
493 824 601 871 novos
611 823 696 870 neve
709 801 1085 896 sdvenmisipublice
1097 804 1246 872 adscitos
1261 806 1424 894 privatim
1432 805 1576 875 edunto

246 912 398 1003 (Cimo,
425 909 469 977 de
495 908 633 995 legibus
658 914 735 994 283
758 910 860 1001 plura
889 911 969 978 vide
999 910 1094 1000 apud
1121 913 1331 991 umen,
1355 912 1577 979 Boemisrlsss

245 1014 456 1087 imtueeht
471 1016 512 1082 tlt
530 1020 553 1081 2
567 1036 604 1106 p.
629 1021 728 1099 1177,
749 1018 889 1107 Leipzig
909 1018 1023 1106 1888).
1042 1021 1202 1084 &terum
1220 1014 1334 1083 cutim
1349 1023 1530 1084 umens
1540 1024 1576 1084 et

245 1120 505 1213 superstitiones
518 1122 646 1190 multas
662 1126 791 1191 Romae
810 1128 846 1189 et
860 1122 898 1189 iu
916 1121 1106 1212 provinciis
1118 1143 1191 1189 eme
1207 1121 1355 1189 tolerata
1368 1126 1404 1188 et
1415 1128 1576 1211 mepta

245 1233 399 1313 eordan
413 1226 618 1297 ludaeorum
630 1228 755 1316 religio
766 1250 836 1296 non
847 1228 959 1295 solum
975 1228 1124 1297 tolerata
1139 1235 1231 1313 erat,
1244 1227 1307 1295 ed
1323 1228 1431 1295 etiam
1443 1226 1575 1316 aliqui-

244 1332 312 1402 bus
323 1332 519 1426 privilegiis
531 1334 702 1401 hanonia
720 1334 779 1423 (ei.
798 1333 974 1426 Iosephus,
989 1336 1106 1425 antiq.
1132 1340 1285 1417 tepus.
1311 1340 1435 1418 2⁰·2t3
1453 1333 1570 1421 ruite,

244 1441 386 1529 legatio
399 1440 445 1509 ad
456 1440 525 1508 Cei.
542 1444 604 1522 233
618 1437 768 1507 Scitum
790 1440 815 1508 l.
831 1462 862 1508 c.
878 1445 906 1507 u
919 1447 985 1510 523
994 1442 1098 1531 seq.).

288 1546 354 1615 Sed
368 1544 596 1614 nihilominus
608 1543 771 1636 perlacile
784 1553 860 1613 erat
868 1547 1021 1614 furorem
1035 1546 1148 1638 plebis
1160 1546 1200 1613 in
1212 1545 1361 1614 ludaeos
1377 1546 1572 1614 excitareet

242 1650 439 1740 generatim
454 1650 571 1719 ludaei
597 1650 678 1718 odio
690 1656 789 1719 erant
809 1656 845 1719 et
865 1654 1076 1743 contemptui
1098 1652 1195 1743 apud
1211 1657 1404 1731 Romanam
1422 1675 1458 1718 v.
1477 1658 1523 1718 22
1536 1665 1571 1719 et

241 1756 668 1849 cucunitpleiscdaersus
681 1778 737 1825 eos
748 1768 909 1844 euertere
923 1781 992 1827 una
1006 1758 1191 1827 insurrexit
1203 1764 1327 1826 centn
1339 1781 1400 1826 eos
1411 1758 1567 1848 (18,12);

240 1862 284 1931 ad
309 1864 358 1932 rei
378 1864 559 1933 ueritawm
583 1862 660 1952 (gig
679 1864 903 1955 consurrexit)
927 1864 1069 1933 additur
1092 1867 1129 1933 in
1148 1865 1260 1933 altera
1276 1865 1428 1933 lectione
1446 1864 1570 1932 turbas

240 1968 427 2039 clamantes
441 1969 662 2039 insurrexisse
673 1970 711 2038 iu
724 1990 797 2052 eos;
813 1983 847 2039 et
861 1971 1086 2062 mcpistrctus
1099 1981 1301 2060 οἱπρατηγοί
1308 1970 1426 2038 αὐτὰ
1437 1969 1570 2037 tamisis

240 2096 359 2145 eonem
375 2077 548 2145 iusserunt
564 2097 622 2144 eos
646 2074 757 2168 eii-pis
778 2075 896 2165 caedi,
908 2082 1141 2168 repetissem
1157 2076 1356 2165 generatim
1374 2076 1415 2144 fit
1437 2077 1569 2144 mentio

240 2181 411 2251 scissionis
428 2182 573 2251 vudum
592 2186 672 2251 ante
688 2182 955 2272 flagellationem
976 2182 1035 2272 (cl.
1055 2183 1170 2251 Livius
1192 2188 1292 2267 &323
1308 2183 1461 2266 Tacitus,
1481 2181 1565 2250 tlist.

241 2292 321 2372 tm
339 2288 443 2357 scisse
463 2294 572 2372 veste,
595 2288 776 2357 verberato
805 2311 962 2381 corpore3
987 2289 1099 2357 Valet.
1118 2294 1202 2358 llas.
1225 2290 1271 2357 dc
1293 2288 1430 2379 discipl.
1461 2288 1565 2355 milit.

240 2399 355 2479 2,7,8;
375 2395 472 2463 Dion.
486 2395 590 2464 helio.
608 2400 687 2479 9,39
701 2404 755 2481 τὴν
774 2404 883 2481 ἐσθῆτα
900 2401 1155 2487 περικαταρρῆξαι
1168 2395 1264 2484 οἱα).
1284 2399 1379 2461 lianc
1396 2395 1567 2462 narratio-

240 2522 320 2569 nem
332 2502 375 2569 de
388 2498 625 2591 persecutione
635 2502 731 2569 omui
743 2500 881 2570 destitui
892 2502 960 2569 tide
981 2501 1102 2568 Weiss.
1114 2500 1410 2568 audacterasserit
1423 2500 1474 2590 (p.
1483 2501 1564 2591 eto)

239 2611 274 2673 et
292 2607 461 2676 rationem
476 2606 575 2676 allert
588 2629 628 2675 ex
645 2606 748 2675 modo
759 2606 884 2695 agendi
899 2606 1010 2687 Pauli;
1027 2628 1109 2674 nam
1125 2634 1142 2668 ι(
1165 2609 1215 2674 ita
1228 2606 1356 2674 Paulus
1368 2627 1475 2694 agere
1492 2629 1565 2675 non

237 2711 351 2803 potuit
366 2740 383 2775 s
401 2718 440 2781 ut
453 2712 527 2781 scil.
544 2714 640 2804 prius
653 2712 837 2782 contraius
849 2717 884 2781 et
896 2713 948 2781 las
960 2734 995 2781 se
1008 2711 1108 2781 caedi
1121 2712 1352 2803 permitteret,
1368 2735 1439 2803 quo
1453 2713 1565 2781 maio-

235 2838 309 2886 rem
325 2823 444 2908 postea
453 2816 716 2887 satisfactionem
725 2819 926 2910 postularet.
943 2823 988 2888 De
1001 2818 1233 2888 satisfactione
1246 2817 1382 2887 videad
1393 2841 1428 2886 v.
1444 2825 1561 2887 37-39.

234 2922 302 2992 ulii
317 2946 456 3016 quoque
473 2923 605 3015 (Zeiler,
627 2926 760 3015 Ooerb.)
779 2930 908 3013 negant
926 2947 1002 2993 eam
1021 2923 1314 3014 flagellationem,
1334 2924 1420 3016 quia
1436 2924 1565 2993 Paulus

233 3028 408 3099 aliasiure
426 3052 489 3099 suo
508 3028 654 3098 civitatis
667 3051 829 3099 romanae
850 3052 928 3099 usus
950 3052 1026 3098 eam
1050 3052 1121 3099 non
1142 3031 1354 3121 permiserit.
1374 3035 1500 3099 Verum
1521 3052 1563 3099 er

232 3134 340 3227 ipsius
367 3134 466 3205 Pauli
492 3136 690 3205 testimonio
711 3136 837 3204 scimus
859 3136 972 3226 ipsum
987 3141 1041 3204 ter
1053 3135 1105 3203 illi
1123 3136 1193 3205 iuri
1207 3137 1424 3204 renuntiasse
1435 3136 1471 3223 (2
1481 3141 1558 3208 Cor.

235 3248 335 3326 11,25
351 3248 404 3311 ter
422 3240 529 3330 uirgis
545 3263 662 3310 caesus
680 3241 785 3331 sum);
806 3264 867 3311 cur
877 3242 1022 3330 singulis
1036 3241 1074 3309 in
1086 3241 1222 3310 casibus
1239 3264 1312 3310 non
1329 3264 1411 3310 usus
1425 3242 1471 3310 sit
1484 3243 1561 3311 iure

232 3371 294 3418 suo
307 3346 495 3430 nescimus;
511 3347 571 3416 sed
583 3346 683 3415 valde
704 3346 865 3416 frivolum
883 3353 933 3417 est
951 3347 1125 3417 affirmare
1140 3369 1220 3416 eum
1240 3347 1402 3417 debuisse
1421 3370 1562 3439 semper

232 3455 286 3524 ius
297 3476 397 3524 suum
413 3454 644 3547 proclamar03
661 3459 695 3522 et
710 3453 774 3524 hoc
787 3476 956 3538 asserere,
971 3477 1049 3525 cum
1061 3459 1177 3524 tamen
1192 3454 1266 3522 eius
1279 3455 1390 3545 ipsius
1403 3454 1560 3523 testimc

232 3560 330 3630 nium
350 3568 371 3628 2
394 3566 470 3630 Cor.
496 3567 595 3643 turs
618 3565 764 3645 constet,
781 3561 899 3630 debuit
917 3583 988 3630 esse
1016 3560 1262 3630 alienissimum
1282 3582 1303 3628 a
1323 3559 1401 3628 viro
1425 3560 1555 3644 critico,

232 3666 421 3737 dummodo
437 3688 556 3735 amaus
573 3666 657 3734 velit
676 3688 746 3735 esse
767 3668 932 3747 veritatis3
955 3691 989 3734 v.
1006 3674 1049 3736 23
1069 3680 1103 3736 et
1122 3689 1202 3758 cum
1219 3665 1349 3735 multas
1364 3665 1492 3757 plopcs
1510 3667 1558 3735 eis

230 3774 489 3867 imposuissent,
521 3772 688 3841 irriserunt
712 3795 768 3842 eos
792 3772 829 3840 in
852 3795 1036 3862 ecreuem,
1057 3772 1312 3865 praecipientes
1337 3771 1491 3860 custodi,
1519 3786 1557 3841 ut

229 3881 420 3973 dilipeuter
436 3879 620 3950 custodiret
645 3900 721 3965 eos,·
747 3883 885 3970 itepide
908 3884 1000 3965 tuto;
1027 3880 1141 3972 plagis
1165 3880 1237 3948 illis
1254 3880 1345 3948 male
1364 3878 1555 3948 admodum

228 4010 346 4057 eorum
363 4009 508 4078 corpore
521 3986 642 4055 habita
655 3985 773 4071 fuisse3
788 3987 912 4075 collige
931 4009 1068 4078 quoque
1080 4009 1121 4055 er
1132 4009 1166 4054 v.
1181 3994 1242 4069 333
1256 3986 1460 4077 haeplagae
1474 3986 1555 4054 illae

226 4099 305 4162 sunt
324 4115 472 4185 quarum
488 4092 651 4180 stigmata
670 4094 791 4161 Paulus
814 4093 947 4184 corpori
969 4115 1033 4163 suo
1053 4094 1224 4185 impressa
1244 4114 1316 4161 esse
1332 4090 1556 4181 gloriabatur

229 4200 315 4292 (Gal.
332 4207 431 4283 e,17;
453 4199 576 4289 Pate).

272 4311 390 4377 Custos
408 4306 593 4395 diligenter
607 4290 827 4398 praeceptum
842 4307 1049 4397 exsequitur,
1064 4311 1102 4374 ut
1121 4317 1193 4372 tuto
1208 4302 1450 4372 custodiantur
1464 4327 1497 4373 v.
1509 4310 1552 4373 rt

227 4415 291 4510 qui
309 4436 387 4485 cum
407 4412 475 4482 tole
484 4425 705 4506 praeceptum
722 4413 921 4505 accepisset,
938 4412 1031 4481 ueisit
1043 4435 1099 4481 eos
1114 4411 1152 4480 in
1166 4410 1366 4479 interiorem
1383 4432 1551 4479 carcerem

227 4536 259 4593 et
273 4520 381 4616 pedes
398 4544 517 4591 eorum
533 4519 674 4589 striueit
695 4519 809 4611 tipum
826 4520 894 4588 duo
914 4520 1031 4612 itaque
1056 4519 1138 4589 lecit
1160 4517 1205 4585 ad
1226 4517 1395 4586 tutissime
1415 4539 1473 4586 eos
1491 4541 1552 4586 cu-

226 4630 440 4713 stodiendos3
458 4627 554 4697 misit
567 4650 625 4697 eos
638 4626 839 4695 inintimam
854 4634 987 4719 partem
998 4625 1157 4711 carceris,
1170 4624 1550 4717 etinsuperispetioaze

226 4737 342 4807 lirmos
358 4735 525 4821 reddidit,
543 4736 687 4804 firmiter
701 4732 878 4802 adstrinxit
905 4733 1010 4827 pedes
1032 4755 1152 4803 eorum
1177 4731 1373 4821 claudendo
1396 4729 1470 4800 scit.
1493 4752 1551 4798 eos
