4054 5442
300 334 359 393 ue
847 292 914 397 rer.
937 333 1078 406 soene.

297 486 442 572 propter
461 503 559 572 spem
582 475 675 573 qliae
693 482 743 551 od
759 494 877 573 patres
898 496 1031 551 nostros
1050 477 1323 572 repromissionis
1335 476 1435 566 [octo
1453 490 1502 545 est
1517 501 1539 546 o
1552 484 1622 548 Deo

295 600 348 655 sto
381 585 511 656 iudicio
536 589 724 675 subiectus,
760 589 945 678 promissio
971 594 1023 657 est
1049 587 1186 657 bessiae
1220 586 1360 676 eiusque
1388 583 1505 671 regni3
1532 584 1623 653 hanc

295 695 561 786 promissionem
581 718 603 763 a
622 700 690 763 [teo
714 695 841 762 iactam
863 693 1046 785 impletum
1063 694 1108 760 iri
1128 693 1279 783 speravit
1298 700 1332 760 et
1350 713 1427 760 mm
1442 689 1621 780 impletam

295 802 367 871 iani
399 824 470 871 esse
494 823 589 869 nune
608 798 724 878 novit;
748 803 782 866 et
805 798 896 866 hanc
922 796 1185 889 promissionem
1209 818 1328 865 omnes
1350 797 1467 864 ludaei
1494 816 1621 883 magno

294 908 471 978 desiderio
494 903 662 994 consequi
682 904 830 993 cupiunt
850 924 884 971 v.
908 910 929 970 '1
958 903 996 970 in
1022 924 1128 993 quom
1154 900 1334 968 duodecim
1358 902 1466 970 tribus
1486 915 1620 970 nostroe

294 1027 328 1084 τὸ
343 1017 554 1098 δωδεκάφυλον
570 1029 691 1076 vocem
706 1007 821 1095 seligit
833 1031 903 1100 qua
921 1009 1024 1078 simul
1040 1006 1225 1099 peculiaris
1239 1007 1387 1094 gentica
1404 1011 1470 1075 beo
1484 1008 1622 1097 provisa

155 1102 162 1113 ¹
294 1120 394 1205 origo
408 1122 442 1184 et
455 1113 579 1183 electio
592 1113 800 1198 declaratur,
810 1127 914 1184 nocte
923 1137 965 1183 oc
977 1113 1035 1183 die
1049 1113 1273 1183 deservientes
1288 1120 1318 1181 ἐν
1331 1121 1463 1202 ἐκτενείᾳ
1473 1112 1617 1194 intente,

293 1221 446 1292 studiose
475 1229 621 1310 torperet
643 1221 776 1290 cultum
803 1220 1019 1289 adorationis
1036 1243 1109 1311 per¹
1123 1218 1292 1288 sacrificia
1314 1216 1529 1309 quotidiana,
1557 1238 1620 1307 per

201 1316 204 1321 ’
292 1327 531 1395 holocaustum
554 1332 780 1418 perpetuum,
806 1347 907 1394 mane
931 1348 972 1393 ac
994 1347 1135 1416 vespere
1156 1332 1347 1394 exercentes
1367 1329 1401 1392 et
1415 1323 1465 1392 ita
1477 1324 1620 1414 promis-

292 1435 427 1502 sionem
448 1433 583 1501 }tessiae
609 1431 840 1520 efflagitantes
863 1429 926 1522 qui
949 1437 1126 1521 tamquam
1153 1452 1253 1498 verus
1271 1452 1383 1518 agnus
1404 1431 1463 1499 [tei
1480 1435 1617 1522 peccate

293 1540 337 1608 sit
353 1538 549 1621 ablaturus,
565 1547 704 1627 sperant
719 1535 890 1606 devenire.
907 1539 994 1605 Cum
1008 1538 1126 1627 itaque
1144 1536 1261 1605 ludaei
1280 1537 1430 1604 Messium
1444 1542 1615 1625 expetant,

294 1668 364 1714 non
386 1646 461 1711 sine
485 1664 613 1731 magna
632 1641 861 1711 admiratione
882 1644 1012 1712 clamat
1029 1663 1038 1712 :
1053 1643 1097 1712 de
1110 1665 1182 1735 quo
1196 1664 1256 1733 spe
1269 1664 1410 1711 accusor
1426 1665 1450 1709 a
1467 1639 1615 1724 ludaeis,

292 1749 374 1816 rer!
396 1768 513 1815 nonne
537 1768 592 1815 res
614 1746 855 1835 indignatione
875 1747 982 1839 plena
1000 1753 1052 1816 est
1072 1748 1226 1817 accusari
1240 1748 1284 1817 de
1299 1770 1341 1816 ea
1363 1769 1401 1816 re
1424 1768 1527 1839 quam
1551 1746 1618 1838 ipsi

290 1854 344 1921 illi
371 1857 588 1923 accusatores
608 1854 773 1944 consequi
798 1858 939 1945 sperant
957 1859 992 1921 et
1015 1852 1062 1921 ad
1086 1874 1191 1944 quam
1215 1853 1493 1943 consequendam
1513 1859 1617 1921 Deum

292 1958 434 2029 colunt?
446 1959 541 2048 [Nam
559 1959 746 2050 promissus
769 1958 827 2027 hie
846 1950 980 2028 Messias
998 1965 1036 2027 ut
1055 1958 1123 2027 cito
1138 1958 1283 2039 reniret,
1298 1964 1337 2026 ut
1350 1959 1481 2026 renuet
1494 1959 1533 2026 in
1546 1957 1617 2026 die·

184 2075 190 2082 '
293 2066 358 2134 bus
380 2064 451 2134 suis
475 2064 649 2133 Israelitae
670 2065 766 2133 Pauli
784 2065 981 2150 coaetanei,
998 2070 1082 2134 utet
1095 2065 1218 2135 horum
1234 2064 1370 2155 proavi,
1387 2063 1521 2132 assidue
1538 2085 1617 2154 pre-

292 2172 463 2241 cabantur
482 2170 619 2261 (Boot).
641 2174 729 2239 Num
747 2170 890 2240 fortasse
913 2171 994 2240 ideo
1016 2172 1139 2241 merito
1159 2193 1301 2240 accusor
1318 2170 1362 2239 de
1381 2170 1446 2237 hac
1462 2192 1524 2261 spe
1536 2171 1618 2261 quia

292 2277 444 2345 Messiam
465 2282 643 2346 mortuum
663 2298 735 2345 esse
753 2276 938 2367 praedicet
960 2298 1024 2346 cur
1040 2277 1093 2345 illi
1114 2276 1159 2346 ad
1171 2275 1433 2370 alterumlquod
1450 2276 1614 2363 adiungo,

292 2382 337 2451 ad
364 2383 648 2452 resurrectionem
673 2387 827 2450 mentem
849 2402 921 2451 non
943 2382 1145 2467 adrertmt,
1172 2404 1212 2450 ac
1235 2381 1349 2450 siillis
1369 2382 1544 2450 rideretur
1566 2404 1617 2448 re-
1711 2442 1715 2447 ,

292 2488 460 2557 surrectio
482 2487 725 2581 impossibilisl
750 2511 791 2558 eo
811 2509 912 2558 seusu
936 2487 1134 2558 adnectitur
1154 2512 1187 2556 v.
1210 2488 1335 2579 8quid
1346 2486 1548 2556 incredibile
1562 2488 1614 2554 iu·

292 2594 431 2664 dicotur
448 2595 547 2687 opud
557 2618 616 2663 vos
631 2596 733 2664 modo
745 2594 899 2664 oratorio
913 2601 948 2663 et
963 2593 1081 2664 animo
1095 2594 1266 2663 concitato
1278 2595 1469 2685 alloquitur
1479 2615 1615 2662 aecusa-

290 2708 383 2769 tores
415 2703 513 2792 quasi
545 2707 757 2791 praesentes,
794 2700 828 2769 si
848 2703 941 2769 Deus
960 2712 1112 2769 mortuos
1139 2701 1305 2770 srucitntl
1331 2701 1476 2769 credunt
1502 2700 1615 2768 ludaei

290 2810 594 2888 resurrectionem
627 2807 688 2897 qui
718 2827 804 2895 ergo
832 2806 872 2875 fit
901 2813 962 2875 aut
990 2829 1061 2898 qua
1087 2807 1220 2877 ratione
1249 2828 1460 2898 consequens
1484 2813 1551 2889 cst,
1578 2813 1616 2872 ut

289 2912 577 2982 resurrectionem
599 2913 752 2994 Moesiae,
769 2916 843 2982 lesu
861 2913 1008 2997 mortui,
1027 2919 1067 2982 ut
1086 2936 1162 2983 rem
1184 2913 1421 2982 incredibilem
1438 2913 1614 2981 reiioiantt

333 3018 486 3087 ttessiam
519 3018 709 3109 exspectari
740 3040 762 3086 a
789 3017 927 3088 ludaeis
957 3017 1287 3090 siuecontruversia
1313 3019 1417 3088 etiam
1440 3018 1614 3109 Agrippae

285 3122 478 3193 constabat.
503 3129 546 3192 at
567 3124 711 3193 Paulum
735 3124 861 3193 merito
884 3146 984 3216 spem
1011 3125 1218 3194 messianum
1242 3125 1313 3194 iam
1343 3147 1413 3193 esse
1435 3124 1613 3214 impletam

286 3229 489 3320 praedicare
510 3230 668 3298 nondum
696 3229 887 3298 constabat.
914 3228 966 3298 ad
987 3229 1054 3299 hoc
1075 3231 1193 3321 itaque
1218 3231 1438 3320 probandum
1461 3251 1555 3298 nuno
1578 3251 1613 3296 se

285 3337 471 3415 convertit;
495 3357 602 3426 quam
625 3334 866 3425 probationem
887 3335 1106 3405 enarratione
1129 3337 1207 3426 quis
1231 3344 1333 3404 antea
1354 3335 1457 3403 suerit
1480 3342 1513 3403 et
1532 3357 1613 3425 que

286 3441 389 3510 modo
413 3462 600 3510 conversus
617 3442 662 3508 sit
685 3439 844 3532 pluribus
863 3441 1005 3510 conticit
1029 3463 1062 3509 u.
1086 3447 1106 3509 o
1129 3452 1163 3509 et
1186 3462 1249 3533 eqo
1273 3440 1412 3533 quidem
1434 3442 1612 3509 existimo-

285 3570 400 3617 eerom
429 3560 482 3633 μὲν
509 3550 559 3616 οὖν
584 3547 634 3615 uti
661 3568 693 3615 v.
721 3553 755 3630 t,
784 3568 837 3615 me
861 3547 1025 3615 adversus
1053 3569 1179 3615 nomon
1197 3549 1272 3616 lesu
1298 3548 1474 3616 Nezarcui
1493 3547 1612 3615 debere

284 3654 396 3723 multo
425 3653 601 3722 contrario
626 3674 747 3744 opere,
776 3673 810 3721 v.
846 3659 887 3722 tt)
919 3651 1016 3744 quod
1041 3664 1074 3721 et
1092 3653 1168 3744 soci
1192 3654 1408 3743 lerosolipnis
1432 3667 1465 3722 et
1487 3655 1613 3722 rnrrltos

281 3773 480 3830 sanctorum
495 3783 560 3851 eqo
576 3759 615 3827 in
631 3757 824 3828 carceribus
838 3757 979 3843 inclusi,
994 3781 1053 3828 eos
1068 3781 1194 3828 vocans
1212 3766 1346 3829 sanctos
1365 3761 1468 3828 simul
1484 3762 1612 3828 latetur

283 3867 420 3936 nullum
451 3867 494 3935 iis
524 3864 658 3936 crimen
689 3865 794 3934 tuisse
821 3863 889 3933 nisi
919 3864 1028 3934 solam
1058 3866 1308 3935 conteuionem
1337 3867 1487 3936 nominis
1519 3872 1608 3947 tesu;

281 3995 390 4064 quare
418 3994 547 4040 nomen
571 3984 789 4055 sanctoruni,
817 3970 862 4040 de
889 3970 987 4040 euius
1016 3993 1080 4040 usu
1101 3972 1168 4042 bac
1194 3972 1232 4040 in
1251 3972 1404 4041 oratione
1423 3973 1532 4064 aliqui
1549 3974 1611 4040 mi·

280 4084 414 4161 rantur,
446 4079 570 4146 merito
596 4086 799 4170 usurpatum
825 4085 893 4162 est,
920 4100 942 4145 e
964 4077 1182 4170 principibus
1206 4078 1419 4147 socerdotmu
1444 4091 1610 4169 potestate

281 4199 441 4278 eccepto,
467 4195 500 4252 et
525 4205 604 4251 cum
632 4182 882 4267 occiderentur,
907 4182 1022 4251 detuli
1049 4183 1271 4268 senteutiam,
1294 4184 1405 4253 detuli
1424 4184 1607 4267 calculum,

282 4293 348 4361 tuli
377 4292 596 4381 suffragium
621 4290 780 4359 sedeam
806 4289 933 4359 Paulus
953 4312 1022 4359 non
1041 4292 1147 4360 tuerit
1167 4292 1360 4362 membrum
1382 4313 1441 4358 seu
1464 4312 1612 4358 assessor

282 4398 455 4489 synodi-ii,
490 4395 619 4465 locutio
649 4395 884 4487 metaphorice
910 4395 1130 4486 intelligatur
1154 4403 1288 4490 oportet
1313 4397 1358 4464 de
1383 4418 1551 4465 consensu
1576 4404 1611 4465 ct

175 4511 180 4520 ‘
283 4505 536 4598 approbatione
562 4502 661 4593 quasi
686 4501 729 4597 de
749 4524 812 4571 suo
830 4503 995 4590 suffragio
1018 4503 1114 4594 quod
1138 4504 1286 4572 aliorum
1302 4504 1490 4571 mutandae
1509 4502 1610 4571 addi-

284 4612 374 4681 derit
395 4634 436 4681 ex
453 4632 516 4679 sua
538 4616 651 4702 parte,
670 4630 735 4677 nco
750 4606 846 4677 aliud
861 4607 1035 4697 significat
1048 4630 1154 4700 quem
1174 4608 1259 4678 illud
1277 4631 1284 4678 :
1305 4615 1378 4677 erat
1396 4609 1610 4678 consentiens

284 4726 466 4789 συνευδοκῶν
498 4715 575 4786 neci
609 4717 682 4786 eius
718 4718 831 4806 (r,5s;
866 4714 957 4784 decl.
991 4717 1100 4787 Caini.
1134 4720 1231 4785 Potr.
1259 4715 1347 4785 Felt.
1388 4715 1525 4802 Wandt,
1553 4715 1606 4783 Bl.
