4010 5474
179 334 182 340 ’
216 339 275 401 278
477 410 481 418 Ι
789 355 857 401 ner.
880 337 963 411 ίθ,6.

216 493 294 543 misit
311 504 362 544 eos
376 492 497 558 Spiritus
511 494 585 546 lesu.
603 492 630 545 8.
647 493 741 554 Quum
760 495 855 544 autem
900 486 945 540 οθκ
972 483 1057 539 εἴασαν
1088 480 1176 544 αὖτοὺς
1205 479 1235 534 rb
1262 479 1364 550 Πνεῦμα
1395 479 1494 552 Ἰησοῦ,
1514 488 1541 538 8.

216 562 435 646 pertransissent
476 583 610 646 Mysiam,
651 581 856 633 deseenderunt
900 572 1069 646 παρελθόντες
1094 571 1121 625 δὲ
1146 568 1197 637 τὴν,
1215 568 1323 640 Μυσίαν,
1347 567 1487 636 κατέδησαν
1511 570 1544 634 rig

216 669 367 734 Troadem
384 672 410 725 9.
425 673 461 724 Et
476 673 549 724 visio
563 683 614 735 per
635 671 747 720 noctem
766 668 855 719 Paulo
900 663 1018 733 Τρωάδα.
1053 666 1079 715 9.
1116 661 1158 713 καί
1196 660 1278 731 ὅραμα
1314 656 1354 711 ni
1391 655 1476 720 νυκτὸς
1507 663 1543 729 τῷ

215 765 331 812 ostensa
350 765 394 813 est
417 774 424 810 τ
450 762 493 810 vir
515 756 631 810 Macedo
652 756 766 820 quidum
794 759 855 805 erat
901 749 994 820 Πσθλῳ
1019 749 1100 817 ὤρθη·
1119 744 1182 816 ἀνὴρ
1205 748 1331 801 Μακεδών
1356 766 1392 811 τις
1413 741 1444 814 ἦν
1467 743 1543 807 ἑστὼς

216 842 855 913 stans,etdepreeanseumetdieons:ii-ans·
901 835 943 889 καί
973 833 1125 906 παρακαλῶν
1158 832 1233 886 abror
1266 836 1309 887 ssi
1333 836 1426 907 λέγων,
1450 834 1541 898 nutu

216 939 278 989 iens
297 939 327 988 in
340 934 543 992 Macedoniam,
561 931 664 983 adiuva
678 943 740 982 noe.
759 929 801 982 io.
817 929 856 981 Ut
902 925 934 985 ιίς
956 922 1115 976 Μακεδονίαν
1145 921 1271 992 βοήθησον
1294 922 1364 994 ἡμῖν.
1393 927 1434 980 io.
1458 924 1492 987 ὥς
1514 923 1540 978 ll

215 1028 310 1087 antem
329 1025 422 1075 visum
444 1020 528 1080 vidit,
551 1021 645 1072 statim
666 1019 855 1084 quaesivimus
900 1012 929 1065 τί)
948 1013 1031 1083 ὅραμα
1049 1008 1127 1079 εἶδεν,
1148 1008 1235 1072 zotto<
1253 1007 1408 1082 ίζηκηοαμιν
1431 1010 1539 1073 listins

214 1109 688 1177 proueneriniiaeedoniameerti
701 1106 862 1171 laetiquoo'
901 1099 935 1163 είς
955 1100 1123 1166 Μακεδονίαν,
1152 1097 1344 1170 συμθιθιίζοντες
1370 1099 1410 1151 δτι
1432 1102 1540 1168 προσαί-

215 1200 344 1250 vocosset
358 1210 411 1249 nos
425 1198 502 1250 Deus
520 1197 716 1262 evangelizare
731 1197 782 1248 eis.
901 1187 992 1258 κληται
1009 1188 1075 1261 ἡμᾶς
1098 1189 1112 1242 θ
1136 1186 1198 1250 θεὸς
1217 1185 1423 1259 εὗαγγιλίσασθαι
1442 1185 1539 1249 αὐτούς.

254 1286 294 1337 ii.
311 1285 485 1352 Navigantes
503 1292 598 1339 autem
619 1285 758 1337 aTroade
778 1286 855 1337 recto
940 1281 982 1332 ii.
1007 1278 1170 1349 Ἀναχθὲντες
1194 1271 1239 1331 obv
1265 1275 1314 1331 ἇπδ
1341 1275 1469 1348 Τρωάδος,
1499 1275 1540 1328 εὖ·

214 1387 298 1426 oursu
332 1377 463 1428 venimus
491 1374 730 1436 Samothraciam,
758 1375 786 1425 et
813 1387 855 1425 se·
900 1365 1091 1438 θνδρομησαμιν
1112 1365 1145 1429 ιίς
1162 1366 1338 1438 Σαμοθράκην,
1353 1371 1385 1436 τῇ
1401 1364 1428 1419 bl
1441 1364 1540 1438 ίπιαίση

214 1464 313 1529 quenti
333 1464 379 1516 die
397 1463 561 1529 Neapolim3
584 1461 767 1513 instincte
792 1461 855 1512 Pin·
900 1453 934 1515 είς
959 1454 1025 1507 Νέαν
1053 1454 1142 1524 Πόλιν,
1174 1458 1216 1509 ir.
1243 1453 1359 1508 κιίιιιῖθιν
1387 1453 1419 1516 είς
1445 1452 1540 1508 Φιλίπ-

214 1552 316 1617 lippos,
328 1565 402 1617 quae
413 1554 458 1619 est
469 1553 560 1615 prims
573 1550 662 1614 pertis
674 1548 854 1601 lieoedoniae
900 1562 968 1607 πους,
991 1543 1043 1608 ἥτις
1067 1542 1134 1596 ἐστὶν
1158 1544 1243 1612 πριίιτη
1268 1544 1365 1613 μιρίδος
1387 1546 1431 1610 τῆς
1452 1542 1539 1597 Μακα-

214 1641 327 1702 eivitas‚
343 1640 464 1691 eoionia.
488 1639 608 1690 ieramus
630 1639 725 1691 autem
747 1638 778 1688 in
801 1638 855 1689 hae
899 1631 982 1694 aevu.
1006 1630 1092 1699 πόλις,
1112 1630 1229 1684 κολωνία.
1255 1630 1342 1702 Ἦμεν
1367 1630 1393 1683 δὲ
1417 1629 1441 1683 tv
1464 1631 1540 1701 ταύτῃ

112 1768 115 1772 .
213 1726 394 1779 urbediehus
405 1725 724 1791 aliquot,oonterentee.
745 1726 786 1778 13.
803 1727 854 1779 Die
899 1724 931 1792 τῇ
948 1719 1022 1774 πόλει
1039 1719 1209 1791 διακρίὸονκις
1227 1718 1319 1790 ἡμέρας
1341 1717 1422 1786 τινας,
1447 1722 1487 1772 13.
1508 1721 1540 1789 τῇ

214 1818 309 1868 autom
330 1815 511 1868 sabbatorum
532 1817 639 1881 egressi
660 1828 757 1867 snmus
779 1814 854 1866 toras
898 1828 926 1863 τι
965 1808 1045 1881 ἡμέρᾳ
1079 1814 1129 1863 τῶν
1162 1808 1293 1861 caeteros
1327 1805 1462 1877 ἐξήλθομεν
1494 1806 1539 1868 ἔξω

212 1908 324 1969 portam
342 1905 422 1956 iuxta
435 1903 554 1966 flumen,
570 1904 618 1955 ubi
632 1903 779 1955 videbatur
792 1916 853 1955 ora·
898 1901 957 1973 τῆς,
973 1896 1053 1965 πύλης
1084 1895 1151 1969 παρὰ
1184 1897 1309 1968 ποταμδν,
1336 1892 1365 1949 οὗ
1395 1894 1539 1967 ἐνομίζομεν

214 1993 254 2044 tio
269 2004 346 2054 esse;
363 1998 391 2046 et
408 1992 540 2046 sedentes
557 1993 743 2058 loquebamur
757 1993 853 2043 mulie·
898 1988 1038 2060 προσευχὴν
1061 1984 1137 2050 εἶναι,
1163 1986 1205 2038 καί
1231 1986 1374 2048 καθίσαντες
1399 1984 1540 2056 ίλαλοῦμσν

212 2082 290 2133 ribus
301 2094 375 2147 quse
389 2083 588 2134 convenerunt.
609 2081 853 2146 insequentem
898 2076 954 2138 ταῖς
984 2075 1160 2137 συνελθούσαις
1192 2074 1311 2147 γυναιξίν.
1349 2078 1391 2130 14.
1426 2073 1473 2127 ίίαί
1503 2092 1540 2138 τις

213 2170 315 2222 muller
335 2171 450 2222 nomine
472 2169 575 2234 Lydia,
597 2172 765 2235 purpuraria
790 2171 854 2221 eivi-
898 2162 960 2236 γυνὴ
983 2163 1089 2237 ὀνόματι
1113 2164 1203 2234 Λυδία,
1233 2162 1421 2236 πορφυρόπωλις
1443 2163 1539 2226 πόλεως

213 2260 280 2309 tatis
294 2257 542 2322 Thyatirenorum,
558 2253 654 2310 oolens
669 2259 758 2311 Deum
776 2258 853 2310 sudi·
898 2252 1048 2325 θνατείρινν,
1077 2253 1200 2325 σιθομίνη
1226 2252 1270 2306 τδν
1293 2251 1367 2322 θεον,
1388 2250 1486 2318 ἤκουεν
1511 2245 1540 2318 ἧς

212 2347 253 2404 vit
274 2359 282 2395 τ
304 2346 385 2398 ouius
409 2347 547 2398 Dominus
565 2348 675 2411 speruit
693 2360 741 2399 oor
758 2348 854 2399 inten-
897 2343 911 2396 θ
936 2342 1021 2413 Κύριος
1048 2340 1167 2408 διήνοιξεν
1195 2338 1241 2407 τὴν
1266 2340 1381 2412 καρδίαν,
1407 2344 1538 2412 προσθηειν

213 2432 280 2485 dere
303 2434 348 2486 his
371 2447 444 2499 qnae
467 2434 634 2487 dicebantur
655 2449 673 2486 a
691 2435 789 2487 Paulo.
810 2436 850 2486 i5.
898 2433 950 2492 τοῖς
972 2429 1138 2499 λαλουμένοις
1162 2428 1210 2482 οπο
1239 2429 1349 2484 Παθλοο.
1382 2433 1423 2484 ¹5.
1452 2431 1486 2491 ὡς
1512 2428 1539 2483 tt

214 2522 306 2595 Quum
330 2524 424 2575 antem
449 2523 592 2588 baptizate
611 2528 686 2576 ossei
704 2531 733 2577 et
753 2523 853 2575 (lomus
899 2518 1049 2586 ίθαπτίσθη,
1070 2518 1113 2571 καὶ
1136 2517 1151 2570 θ
1174 2515 1245 2581 οἶκος
1264 2516 1352 2586 αὐτῆς,
1372 2517 1537 2589 παρεκὶλσσσν

212 2611 288 2674 eius,
304 2611 453 2676 deprensis
473 2615 517 2665 est
530 2611 626 2665 dicens
641 2625 649 2662 :
666 2612 697 2663 Si
710 2613 854 2664 iudicastis
897 2607 1020 2678 λέγουσα,
1042 2605 1072 2658 nt
1095 2607 1224 2676 κεκρίκατί
1247 2625 1277 2678 με
1295 2605 1384 2674 ’πιστὴν
1403 2612 1438 2680 τῷ
1456 2606 1538 2680 Κυρίῳ

213 2711 258 2750 me
272 2698 384 2751 nostem
400 2701 521 2753 Domino
538 2713 616 2761 esse,
632 2702 745 2753 introite
758 2702 788 2751 in
802 2701 853 2752 do·
899 2693 974 2761 εἶναι,
995 2693 1150 2758 είσιλθθντσς
1169 2694 1202 2759 εἰς
1221 2694 1265 2750 τὀν
1283 2694 1356 2750 οἶκόν
1377 2715 1424 2768 μου
1440 2697 1536 2767 μέντοι·

213 2799 290 2837 mum
304 2799 410 2850 meam,
423 2793 453 2841 et
466 2794 588 2841 manete.
601 2790 635 2840 Et
648 2792 740 2854 coegit
753 2803 815 2841 nos.
899 2785 941 2839 καί
959 2785 1127 2855 mestrem
1145 2782 1220 2856 ἡμᾶς.

249 2978 283 3024 in
292 2987 319 3029 v.
332 2968 632 3038 θδιηλθονκλΒΟΒΕ
643 2976 691 3040 piu
704 2976 813 3025 minure
826 2979 870 3026 eat
882 2988 929 3037 syr
940 2972 1002 3039 (uir)
1013 2969 1064 3026 sair
1076 2987 1128 3038 eop
1138 2974 1272 3025 armueth
1282 2973 1372 3038 npipn
1383 2972 1436 3024 Did
1449 2972 1534 3034 (laem

213 3062 262 3125 gig
276 3063 534 3127 pertransiebsnt...
550 3063 693 3128 prohibiti.
709 3063 741 3113 ln
755 3076 783 3113 v·
800 3063 816 3113 7
829 3063 852 3113 D
864 3059 957 3115 κθιλαν
970 3078 1004 3121 εις
1018 3059 1062 3112 nn
1077 3059 1238 3129 ποριυσσθαις
1254 3064 1308 3113 sim
1321 3075 1378 3126 syr.
1396 3062 1429 3113 ln
1442 3076 1470 3112 v.
1484 3062 1500 3113 9
1512 3062 1535 3112 Ι)

212 3165 254 3199 και
266 3164 292 3200 σν
306 3165 412 3219 οραματι
423 3148 465 3199 δια
479 3168 502 3202 ν.
518 3148 588 3219 ωρθη
603 3167 640 3200 τοι
653 3147 687 3204 ii.
702 3166 761 3201 ωσιι
771 3166 834 3218 ανηρ
846 3148 914 3203 Μαι.
928 3167 965 3210 τις
978 3167 1055 3211 εσπως
1069 3166 1375 3219 interpretamentum
1387 3147 1535 3215 simplie'.

213 3238 246 3289 ln
258 3252 285 3289 v.
305 3237 336 3290 10
351 3240 374 3290 D
389 3236 522 3308 διιγερθιις
535 3255 579 3289 ουν
592 3236 731 3307 διηγησατο
744 3254 773 3290 το
787 3255 868 3308 οραμα
888 3256 947 3307 ημιν
966 3256 1007 3290 και
1026 3255 1166 3305 ινοησαμιν
1185 3255 1238 3300 οτι,
1256 3241 1324 3291 item
1343 3238 1408 3300 saii;
1423 3253 1438 3287 ο
1456 3254 1536 3306 κυριος

214 3326 325 3378 DllLP
336 3326 362 3378 sl
375 3327 460 3392 longe
471 3328 577 3393 plnsyr
587 3326 650 3395 (utri
665 3328 717 3379 sah
731 3340 791 3378 arm
802 3328 829 3377 ir
841 3325 907 3379 Gor.
921 3329 953 3378 ln
964 3342 990 3377 v.
1007 3329 1034 3378 ii
1050 3329 1072 3378 l)
1090 3328 1149 3379 ill.
1163 3343 1194 3392 τη
1207 3325 1234 3377 δε
1250 3342 1363 3395 ιπαυριον
1376 3324 1533 3395 αναχθενκες,

212 3415 277 3466 item
301 3415 339 3478 ph
364 3413 441 3484 (mg).
463 3415 495 3466 ln
513 3409 548 3465 v.'
563 3415 593 3467 it
609 3415 641 3465 nt
660 3416 730 3467 WH
753 3418 789 3481 (in
809 3415 942 3481 append.)
962 3418 1122 3468 coniectent
1141 3432 1239 3483 πρωτης
1256 3413 1354 3485 μεριδος
1366 3432 1410 3480 της
1424 3421 1490 3467 Μαι.
1508 3419 1534 3468 et

212 3502 353 3555 invenitur
377 3504 407 3553 in
424 3507 555 3556 versione
573 3504 696 3569 quadam
714 3516 789 3555 seeo.
813 3504 842 3554 ¹3
863 3508 890 3555 et
909 3506 938 3555 in
959 3503 1082 3568 quodam
1097 3504 1193 3555 codiee
1208 3506 1312 3563 iatine:
1330 3504 1393 3557 vide
1409 3503 1449 3554 n.
1467 3506 1536 3556 Aeta

211 3605 240 3656 p.
251 3590 352 3643 xxvi.
370 3592 402 3643 in
416 3607 442 3645 ν.
461 3592 525 3644 isi)
541 3591 621 3643 ιδοκιι
634 3607 759 3660 προσιοχη
776 3608 852 3655 nvem
865 3595 932 3644 item
947 3607 962 3645 e
977 3597 1027 3657 gig
1041 3608 1089 3658 rg.
1107 3594 1139 3643 in
1150 3607 1177 3643 v.
1193 3594 1224 3645 15
1240 3595 1290 3658 gig
1304 3593 1375 3645 liaeo
1388 3605 1451 3644 eum
1465 3594 1534 3658 bap-

212 3664 296 3731 tizata
306 3686 382 3732 esset
395 3694 459 3733 eum
472 3682 603 3732 omnibus
616 3682 690 3743 suis,
706 3682 825 3745 rogabat
836 3682 965 3733 dicens...
982 3684 1193 3734 introeuntes...
1212 3685 1333 3733 manete.

254 3844 451 3912 i'isiintione
472 3845 694 3914 eeclesiarum
721 3845 876 3913 absolute
901 3847 1075 3936 apostolus
1099 3867 1178 3913 enm
1199 3845 1313 3929 sociis,
1331 3844 1401 3913 Sila
1423 3852 1457 3913 et
1480 3847 1533 3913 Ti·

208 3950 362 4032 mothe0‚
385 3949 471 4018 alias
498 3941 657 4039 regiones
681 3951 873 4040 ingreditur
897 3951 1070 4039 evangelii
1099 3951 1326 4042 praedicandi
1355 3973 1470 4021 eausa.
1492 3955 1531 4018 Et

209 4058 281 4146 ipse
306 4055 449 4147 quidem
476 4056 585 4124 voluit
610 4058 824 4127 occidentem
845 4081 961 4126 versus
985 4058 1023 4125 in
1045 4061 1159 4126 Asiam
1186 4058 1364 4148 propriam
1387 4079 1532 4147 pergere

212 4162 377 4252 (iiysiam,
400 4162 547 4248 ioniam,
568 4165 725 4254 Lydiam,
747 4167 912 4254 Cariam);
930 4164 1024 4256 quod
1040 4187 1083 4232 ne
1098 4165 1228 4232 taceret
1238 4164 1436 4255 prohibitus
1448 4170 1497 4232 est
1512 4148 1546 4232 e

209 4267 338 4359 Spiritu
354 4274 485 4337 saneto.
503 4274 613 4348 Quare
628 4271 692 4338 iter
711 4272 858 4340 instituit
875 4270 1158 4361 septemtrionem
1179 4292 1295 4338 versus
1314 4275 1348 4337 et
1367 4270 1405 4337 in
1423 4270 1531 4358 Phry-

202 4362 267 4462 ‘gia
282 4374 364 4442 etin
380 4375 528 4464 galatica
544 4376 684 4464 regione
700 4379 935 4469 praedicabat.
954 4377 991 4444 id
1008 4379 1205 4446 summatim
1219 4375 1392 4444 indicatur
1406 4377 1443 4445 in
1460 4399 1491 4445 v.
1509 4385 1529 4445 6

210 4488 341 4568 διῆλθον,
364 4484 621 4574 pertransibant
646 4483 732 4574 (gig)
753 4485 938 4573 Phrygiam
958 4491 992 4552 et
1012 4483 1198 4573 galaticum
1214 4483 1405 4571 regionem,
1428 4493 1528 4554 κωλυ-

210 4595 310 4670 θέντες
324 4589 495 4679 prohibiti
509 4613 530 4659 a
543 4589 671 4680 Spiritu
687 4596 803 4658 saneto
819 4598 883 4659 ete.
902 4593 923 4657 i.
944 4614 974 4658 e.
997 4591 1080 4681 quia
1099 4590 1155 4657 vel
1167 4595 1349 4681 postquam
1364 4590 1529 4682 prohibiti

209 4699 303 4778 sunt3
321 4695 443 4764 eodem
457 4696 560 4764 modo
574 4695 684 4764 versio
703 4697 797 4784 vulg.
816 4697 967 4786 intelligi
981 4697 1085 4766 debet
1103 4720 1135 4765 v.
1154 4704 1174 4764 6
1189 4708 1527 4765 momenmentum
