4092 5490
222 314 281 375 iae
779 331 845 377 ier.
870 314 972 389 iope.
1161 399 1167 407 θ

219 463 313 528 bona
327 461 494 531 messiana
508 462 633 531 debere
650 463 785 530 admitti
797 481 908 548 neque
922 458 1033 525 ullum
1048 477 1070 522 a
1084 455 1219 523 iudaeis
1233 454 1420 522 discrimen
1438 454 1543 524 statui

220 588 316 657 posse
334 588 368 637 v.
387 573 479 638 idat
507 568 607 637 iussit
629 591 685 635 eos
706 564 877 656 baptizari
897 563 935 629 in
958 561 1098 629 nomine
1122 560 1266 629 Domini
1286 562 1364 627 loru
1390 559 1539 644 Christi,·

220 673 264 740 ci.
277 681 373 758 2,38;
385 674 594 766 ipsossocics
603 672 699 739 iubet
713 691 770 737 eos
784 668 969 757 baptizare,
984 690 1053 759 quo
1063 668 1176 756 magis
1186 675 1327 735 omnem
1336 663 1538 755 opinionem

219 781 491 868 praeindicatam
506 777 648 844 vincant
670 778 704 841 et
724 779 933 843 removeant.
961 778 1118 843 Ceterum
1145 775 1237 863 ipsos
1264 771 1437 862 apostolos
1459 790 1540 836 raro

219 883 424 975 baptizasse,
441 882 502 950 sed
514 880 590 948 aliis
606 879 644 947 id
657 881 809 948 muneris
822 881 1046 962 commisisse,
1063 879 1170 948 etiam
1187 901 1226 946 ex
1245 884 1261 943 i
1279 881 1355 946 Cor.
1373 884 1453 959 1,1t
1468 876 1540 943 col-

218 990 361 1078 legeris3
377 1002 458 1056 trine
480 998 690 1075 roqooertmt
715 1009 803 1072 earm,
830 1001 869 1054 ut
885 992 1037 1055 moneret
1048 984 1147 1077 opud
1167 1005 1223 1053 eoa
1241 982 1377 1072 aliquot
1397 982 1538 1064 diebus,

219 1117 288 1184 quo
311 1100 345 1160 et
367 1093 458 1175 eius,
481 1098 600 1182 utpote
623 1092 687 1160 viri
713 1094 790 1177 Dei,
816 1091 1060 1160 consuetudine
1078 1091 1289 1174 fruerentur,
1313 1094 1348 1155 et
1370 1087 1484 1174 magis
1499 1087 1537 1153 in
1618 1151 1621 1156 .

218 1199 375 1266 doctrina
398 1198 522 1266 Christi
539 1198 809 1267 instituerentur.

253 1405 287 1456 ln
299 1405 353 1457 hac
368 1407 531 1457 narratione
545 1419 563 1456 a
578 1404 773 1470 probabilitate
789 1405 912 1455 alienum
927 1416 991 1456 esse
1008 1416 1037 1454 v.
1056 1403 1091 1455 tt
1108 1402 1256 1454 contendit
1275 1401 1365 1466 litip.,·
1380 1402 1541 1466 proselytos

218 1496 292 1545 enlm
309 1493 484 1544 iamdudum
503 1493 615 1556 agnitos
629 1505 691 1543 esse
706 1505 723 1542 a
737 1492 856 1542 Iudaeis.
874 1491 930 1544 Sed
948 1493 1103 1556 quaeritur,
1117 1492 1148 1542 tn
1166 1492 1305 1555 quantum
1319 1490 1377 1540 sint
1390 1490 1490 1552 agniti.
1508 1490 1540 1540 ld

217 1582 298 1634 nobis
315 1580 471 1633 ostenditur
488 1580 564 1630 clare
586 1579 647 1631 Gal.
668 1579 741 1641 212,
762 1581 894 1644 quoniam
911 1580 965 1645 ipsi
985 1579 1250 1636 Iudaeo-christiani
1271 1579 1388 1628 omnino
1407 1583 1540 1628 recusant
1635 1622 1639 1629 .

217 1682 333 1721 mensae
356 1668 521 1719 societatem
544 1679 607 1717 curn
629 1666 924 1719 ethnico-christianis.
944 1667 1038 1728 Quare
1056 1669 1119 1719 iure
1138 1666 1315 1719 concluditur
1337 1667 1426 1717 etiarn
1446 1665 1539 1730 magis

217 1757 337 1808 ludaeos
355 1756 478 1807 evitasse
499 1754 729 1807 consuetudinem
752 1767 815 1806 curn
835 1756 871 1807 iis
893 1757 940 1822 qut
960 1756 1203 1808 circumcisionem
1223 1767 1283 1806 non
1306 1759 1539 1820 assumpserant,-

216 1845 345 1908 quarnvls
359 1844 522 1908 ceteroquin
536 1843 624 1895 Deum
643 1843 776 1895 colerent.
797 1844 874 1896 Idem
889 1843 1074 1908 improbabile
1086 1843 1155 1895 dicti
1168 1856 1195 1893 v.
1212 1843 1257 1905 37,
1272 1842 1437 1895 cornelium
1450 1842 1536 1896 alica·

216 1945 273 1997 que
290 1945 374 1984 nosse
396 1932 550 1997 qumquam
570 1931 606 1983 de
626 1932 690 1983 lesu
707 1934 824 1997 eiusque
848 1933 920 1995 vita,
944 1934 1025 1998 quasi
1050 1932 1130 1985 Iasus
1150 1930 1215 1984 cum
1238 1931 1376 1996 apostolis
1396 1933 1426 1981 in
1441 1933 1538 1997 aliquo

216 2022 321 2087 angulo
335 2033 446 2086 semper
461 2020 588 2072 latuisset
593 2032 601 2080 3
616 2021 763 2083 evangelia
776 2019 811 2072 de
825 2022 946 2072 maxima
964 2021 1062 2084 populi
1080 2021 1270 2073 commotione
1284 2024 1426 2072 testantur
1431 2033 1439 2083 ;
1456 2021 1536 2072 ioan.

219 2109 298 2170 itio
315 2110 400 2161 ettam
419 2109 541 2173 gentiles
560 2107 651 2159 Iesum
670 2108 764 2160 videre
782 2108 889 2160 volunt.
908 2109 1099 2174 Reprehendit
1117 2107 1193 2174 quod
1212 2107 1364 2160 Cornelius
1382 2121 1441 2159 non
1459 2110 1537 2160 motu

217 2199 341 2261 proprio,
357 2197 406 2247 sed
422 2196 513 2247 solum
529 2208 564 2247 ex
576 2195 707 2247 mandato
723 2196 818 2248 divino
833 2196 946 2249 Petrum
961 2196 1150 2249 advocaverit.
1167 2197 1274 2248 Verum
1292 2196 1369 2249 unde
1385 2195 1535 2249 Cornelius

217 2286 291 2336 scire
308 2287 419 2348 poterat
434 2286 493 2334 tum
513 2285 662 2347 temporis,
678 2298 793 2337 necesse
811 2298 874 2337 esse
891 2298 927 2339 ex
946 2286 999 2338 Dei
1016 2286 1194 2337 ordinatione
1213 2285 1250 2336 ad
1268 2286 1405 2348 salmam,
1421 2288 1454 2337 ut
1472 2287 1536 2351 quis

50 2446 54 2453 ι
145 2404 163 2411 -2
217 2373 301 2424 Petro
315 2371 442 2432 obediat,
459 2383 522 2421 cum
539 2373 599 2435 ipse
619 2373 730 2424 Petrum
745 2386 780 2425 ne
794 2376 907 2426 nomine
924 2373 1040 2439 quidem
1058 2372 1265 2427 nossetlldem
1282 2386 1444 2426 sermonem
1462 2374 1539 2426 Petri

217 2460 335 2511 multum
354 2459 474 2511 deiicere
492 2459 561 2511 dicit
577 2473 596 2512 a
614 2462 709 2511 nativa
727 2461 918 2526 simplicitate,
934 2463 963 2513 et
980 2461 1062 2513 valde
1079 2462 1222 2514 diversum
1240 2473 1305 2514 esse
1321 2475 1340 2513 a
1359 2463 1455 2526 priore
1473 2474 1535 2514 ser·

215 2561 308 2600 mone.
329 2549 434 2600 Verum
455 2554 605 2613 utrumque
627 2551 714 2612 gratis
736 2552 840 2613 asseri,
862 2552 924 2615 ipsa
942 2551 1129 2614 explicatione
1149 2551 1289 2602 sermonis
1312 2555 1356 2602 est
1376 2554 1536 2610 ostensum

214 2651 307 2689 sermo
327 2638 362 2688 ad
381 2639 558 2690 occasionem
582 2637 728 2702 adaptatae
748 2645 792 2690 est
809 2640 897 2711 atque
919 2651 953 2691 ea
971 2635 1073 2692 recolit
1092 2652 1166 2705 quae
1189 2639 1261 2690 alias
1285 2651 1399 2704 quoque
1422 2639 1538 2691 Petrum

214 2727 428 2775 concionantem
447 2726 585 2776 audimus.
606 2753 642 2762 -
661 2727 746 2776 ivatas
764 2728 872 2778 invenit
892 2727 922 2777 in
938 2739 966 2777 v.
990 2728 1020 2778 ii
1043 2727 1265 2780 additamentum
1285 2727 1454 2789 redactcris,
1471 2729 1538 2792 qula

214 2813 282 2865 Luc.
299 2813 343 2873 ii,
367 2813 396 2863 ti
415 2826 474 2877 seq.
493 2817 635 2877 tangatur,
651 2813 680 2865 id
696 2814 772 2879 quod
790 2816 862 2866 male
883 2818 1019 2880 congruat
1038 2815 1074 2867 ad
1091 2831 1104 2865 ε
1120 2814 1303 2867 manllestum
1322 2814 1385 2866 lieri
1405 2815 1434 2865 at
1455 2815 1537 2880 quasi

214 2914 271 2952 non
288 2915 322 2954 ec
338 2902 400 2953 ioco
419 2900 531 2953 firmum
553 2904 732 2954 exhiberetur
751 2898 947 2967 argumentum
967 2916 1018 2969 pro
1043 2920 1056 2954 ε
1081 2903 1264 2956 macilentum
1284 2902 1347 2955 ilari
1370 2902 1537 2955 adibatur

213 3002 340 3054 quoque,
361 2990 436 3054 quod
455 2990 532 3041 milla
548 2989 599 3040 siat
616 2991 722 3042 mentio
739 2989 874 3056 Philippi,
895 3008 907 3041 ε
927 2994 977 3057 qui
996 2992 1151 3045 secundum
1170 2991 1235 3054 aio
1254 2992 1294 3043 ibi
1314 2996 1376 3043 erat
1399 3008 1411 3040 ν
1432 3018 1470 3031 -
1489 2991 1538 3044 ubi

214 3082 349 3143 scriptum
361 3082 417 3142 est,
432 3092 496 3130 eum
510 3089 620 3142 semper
632 3081 800 3131 remansisse
812 3080 983 3133 caesareae?

616 3277 638 3341 ε)
652 3278 739 3327 Petrus
755 3282 822 3341 quod
835 3281 888 3342 egit
901 3280 1014 3329 deleudit
1028 3264 1136 3340 iti-181

252 3459 323 3520 ii,i.
355 3456 511 3508 audierunt
540 3464 634 3510 autem
668 3461 789 3522 apostoli
821 3463 849 3513 ei
931 3460 1003 3527 ii,i.
1037 3456 1165 3510 Ἤκουσαν
1195 3456 1223 3510 δὲ
1258 3456 1284 3511 οἱ
1321 3457 1460 3513 ἀπόστολοι
1496 3459 1539 3512 καὶ

212 3548 314 3598 iratres
333 3548 477 3610 quierant
498 3546 658 3607 inludaea,
675 3551 849 3612 quoniamst
892 3544 917 3598 ci
949 3542 1052 3617 ἀδελφοὶ
1082 3543 1108 3599 ct
1134 3546 1205 3609 όντις
1229 3544 1294 3600 κατὰ
1320 3544 1367 3614 την
1399 3545 1535 3613 Ἰουδαίαν,

213 3643 313 3699 gantas
327 3639 494 3698 receperunt
507 3634 622 3686 verbum
636 3636 697 3687 Dei.
715 3636 740 3687 θ.
757 3635 849 3696 Quum
893 3635 931 3689 ότι
957 3633 1000 3687 καθ
1025 3632 1058 3687 τὰ
1084 3633 1144 3701 ἶθνη
1173 3633 1287 3697 liticare
1314 3635 1358 3689 τόν
1389 3635 1468 3707 λόγον
1492 3643 1537 3691 τοῦ

212 3728 306 3774 autem
325 3721 497 3773 ascendisset
511 3723 611 3774 Petrus
630 3723 846 3789 lerosolymam,
892 3720 966 3777 θεοῦ.
986 3725 1013 3777 l.
1031 3717 1075 3776 ὅτε
1101 3722 1128 3776 δὲ
1156 3721 1233 3791 evita
1262 3722 1355 3795 Πέτρος
1382 3723 1417 3787 εἰς
1443 3722 1537 3798 Ἰεροο·

213 3810 407 3875 disceptabant
427 3810 565 3863 adversus
586 3813 679 3879 iilum,
698 3815 745 3878 qui
768 3817 849 3865 erant
892 3810 994 3882 σεληρ,
1021 3811 1173 3883 διεκρίνοντο
1197 3810 1259 3884 πρὸς
1287 3810 1362 3867 αὐτὸν
1388 3812 1414 3866 ci
1439 3812 1467 3867 ia
1489 3833 1537 3868 ειε-

213 3912 249 3951 ex
277 3900 497 3961 circumcisione,
522 3900 548 3955 ,3.
571 3900 702 3953 Dicentes
724 3914 731 3951 :
755 3902 847 3962 Quare
892 3901 1007 3971 ριτορῆς,
1037 3901 1064 3955 θ.
1094 3898 1226 3970 λέγοντες,
1256 3901 1296 3955 ότι
1328 3898 1445 3969 εἰσῆλθεν
1477 3902 1538 3974 rei<

213 3990 334 4042 introisti
348 3989 384 4041 ad
395 3991 470 4041 viros
484 3992 660 4054 praeputium
672 3989 807 4041 babentes
819 3996 847 4042 ei
892 3987 978 4059 ἄνδρας
999 3985 1165 4058 σίκρσόοστόαν
1190 3988 1312 4062 ἔχοντας,
1336 3991 1379 4044 καὶ
1403 3992 1537 4062 σονόρσγεν

213 4079 388 4131 manducasti
411 4092 474 4129 cunr
494 4078 565 4130 illis?
585 4079 611 4129 i.
633 4079 773 4143 Incipiens
796 4093 847 4130 au·
891 4075 984 4139 αὗτοῖς.
1010 4080 1036 4132 i.
1064 4074 1213 4149 Ἀρξόρενσς
1239 4076 1267 4131 et
1294 4078 1386 4150 Πότρος
1416 4076 1537 4141 ἐξετίθετο

214 4175 269 4220 tem
299 4168 398 4219 Petrus
430 4168 589 4232 exponebat
622 4167 677 4219 iliis
705 4167 845 4226 ordinem,
891 4163 976 4228 σθτσῖς
998 4163 1102 4232 καθεξῆς
1127 4164 1222 4238 λόγων,
1255 4171 1282 4221 5.
1314 4164 1385 4238 Ἐγὼ
1414 4165 1482 4238 ἤμην
1510 4167 1536 4222 ἐν

213 4258 330 4310 dicens:
349 4258 374 4307 5.
401 4256 461 4320 Ego
480 4268 558 4307 eram
578 4256 738 4307 incivitate
762 4255 848 4320 ioppe
891 4254 963 4308 ciiii
991 4251 1080 4328 Ἰότκη
1106 4255 1321 4329 προσευχόμενος,
1347 4255 1400 4309 καὶ.
1415 4254 1486 4310 αἶθον
1510 4254 1536 4309 όν

213 4360 311 4408 orans,
328 4353 356 4397 et
373 4345 432 4396 ridi
454 4346 483 4395 in
507 4357 625 4395 excessu
642 4347 744 4396 mentia
762 4346 848 4395 visio·
893 4340 1004 4396 όκστάσει
1031 4344 1129 4416 eppa,
1157 4342 1311 4397 καταόαῖνσν
1339 4344 1426 4407 σκεῦός
1455 4363 1479 4398 τι
1503 4344 1536 4407 ὡς

214 4448 291 4496 nem,
317 4434 490 4486 descendens
521 4445 571 4484 vas
601 4432 740 4497 quoddam
772 4432 849 4484 velut
892 4429 982 4499 όθόνην
1020 4430 1134 4504 μεγάλην
1164 4434 1295 4504 τέσσαρσιν
1327 4430 1420 4505 ἀρχαῖς
1452 4434 1536 4487 tratre·

213 4527 332 4576 linteum
342 4536 485 4588 magnum,
497 4526 617 4587 quatuor
628 4522 715 4572 initiis
724 4521 849 4573 submitti
893 4521 969 4589 μόνην
1001 4517 1029 4574 ia
1059 4526 1105 4591 τοῦ
1134 4518 1256 4592 οὐρανοῦ,
1290 4520 1334 4575 καὶ
1365 4517 1444 4591 ἦλθεν
1476 4522 1536 4596 typi

213 4614 249 4664 de
270 4612 362 4672 coelo,
379 4619 408 4664 et
428 4613 506 4663 venit
524 4621 615 4675 usque
638 4609 673 4660 ad
696 4623 750 4663 me.
767 4610 792 4660 o.
815 4610 847 4661 ln
893 4607 963 4679 ipati·
992 4612 1019 4664 θ.
1046 4606 1081 4671 εἰς
1110 4609 1142 4676 ἢν
1175 4607 1286 4674 ἀτενίσας
1317 4613 1462 4677 κατενόεον,
1495 4610 1538 4664 καὶ

214 4701 289 4764 qued
304 4703 416 4753 intuens
430 4700 650 4761 considerabant,
664 4705 692 4752 et
705 4700 763 4751 vidi
778 4712 847 4765 qua·
893 4694 962 4752 εἶδον
984 4696 1016 4752 cti
1040 4698 1180 4770 τετράποδα
1203 4703 1249 4767 τῆς
1271 4703 1319 4771 γῆς
1342 4700 1386 4754 καὶ
1410 4700 1441 4755 ri
1466 4699 1538 4772 θηρόσ
