4010 5474
214 353 274 413 292
631 394 636 400 -
720 351 725 359 '
752 366 822 412 scr.
847 350 997 422 luta-to.

214 506 266 569 sat
288 500 414 568 multos
438 493 575 570 civitate
596 520 740 568 romana
760 520 832 565 esse
855 498 998 564 donatos
1025 496 1083 584 (ci.
1103 494 1265 584 Iosephus
1285 496 1399 585 antiq.
1419 505 1532 582 1t‚1o‚

62 566 66 575 ‹
102 593 107 600 ⁹
215 613 337 687 13-193
353 607 453 675 rtito
467 612 586 695 Legat.
604 606 648 672 ad
663 606 735 699 Cei.
753 607 814 682 233
831 592 978 668 Schttrer
994 601 1016 666 Ι.
1035 622 1054 667 c
1072 604 1098 667 tl
1114 623 1149 690 p.
1168 606 1260 689 537).
1276 605 1385 680 Quare
1400 610 1536 671 nonest

213 737 275 783 cur
289 715 333 784 de
348 716 418 783 sila
431 712 523 781 eain
536 734 574 778 re
588 709 777 776 dubitetur.
972 779 976 786 ,
1038 776 1070 789 ,,
1379 773 1382 779 .

256 804 447 891 Ιίθεϊιιείὺε
463 817 501 884 in
518 814 628 882 altero
646 819 740 881 textu
757 819 920 881 narratur
937 835 946 880 ε
968 816 1111 880 veniunt
1125 819 1303 904 praetores
1323 836 1402 882 cum
1417 813 1536 881 multis

211 928 332 996 amicis
349 927 385 992 iu
406 940 579 990 carcerem
595 923 630 986 et
644 917 878 1008 deprecantur
893 940 951 987 eos
968 924 1007 985 ut
1026 925 1145 986 exeant
1160 919 1311 988 dicentes
1331 942 1340 989 :
1363 921 1536 1009 ignoravi·

58 1014 88 1113 Ι,
212 1055 288 1100 mus
306 1034 456 1097 vestram
484 1023 730 1124 conditionem.
744 1025 845 1116 (quae
875 1025 1003 1093 advos
1029 1025 1214 1116 spectant),
1237 1024 1333 1114 qaod
1360 1028 1440 1093 estis
1469 1027 1536 1094 viri

211 1135 309 1217 iusti;
333 1122 576 1201 et‘edncentes
601 1154 661 1199 eos
684 1131 914 1223 deprecantur
935 1154 944 1202 τ
966 1133 1053 1200 exite
1074 1154 1116 1199 ex
1135 1131 1202 1199 hac
1221 1130 1324 1214 urbe,
1344 1151 1388 1198 ne
1408 1131 1535 1198 iterum

213 1246 417 1310 concursent
443 1237 488 1307 ad
514 1261 577 1307 nos
599 1240 787 1308 clamantes
812 1247 931 1308 contra
957 1262 1033 1322 vos3
1060 1226 1182 1307 veruna
1208 1237 1259 1308 rei
1286 1258 1422 1306 summa
1443 1228 1536 1304 clare

1 1315 2 1320 .
33 1362 36 1367 '
61 1341 66 1348 ’
121 1404 123 1409 .
188 1369 349 1443 ,quoque
372 1346 520 1415 habetur
532 1346 570 1413 in
587 1366 620 1414 r.
641 1351 682 1412 39
703 1358 735 1412 et
752 1344 924 1414 venientes
938 1344 1111 1436 deprecati
1131 1357 1210 1412 sunt
1231 1367 1287 1413 eos
1306 1358 1340 1413 et
1357 1343 1537 1412 educentes

211 1458 397 1548 repebant,
415 1465 455 1520 att
469 1449 717 1545 eqrederentur
731 1448 774 1518 de
786 1453 888 1536 orbe;
900 1456 1013 1518 coetus
1029 1449 1184 1518 fidetium
1199 1451 1270 1518 iam
1284 1452 1357 1540 erat
1373 1451 1535 1518 eonstitu-

212 1569 265 1630 tus
286 1562 325 1629 in
347 1560 452 1640 urbe,
469 1580 510 1624 cx
532 1578 604 1646 qua
626 1554 714 1623 urbe
734 1556 952 1643 evangelium
967 1555 1005 1622 in
1018 1554 1148 1622 vicinas
1169 1548 1326 1643 regiones
1346 1544 1535 1645 propagari

212 1668 342 1758 potuit3
370 1664 457 1731 alias
481 1683 622 1753 qaoque
649 1661 780 1730 solebat
803 1661 973 1753 apostolus
995 1666 1094 1728 coetu
1118 1660 1267 1751 quodam
1291 1662 1389 1751 quasi
1411 1661 1537 1729 nucleo
1668 1694 1674 1703 ·

7 1808 12 1815 ·
55 1840 60 1850 ,
156 1842 160 1847 ,
212 1770 397 1839 constituto
420 1770 466 1838 ad
485 1768 571 1836 alias
591 1767 694 1835 urbes
713 1789 915 1859 properare;
937 1788 1044 1858 quare
1063 1765 1153 1834 nibil
1173 1766 1333 1865 obstabat
1350 1766 1536 1857 quominus

212 1876 370 1969 petitioni
387 1874 633 1965 acquiesceret.
650 1874 716 1943 Sed
735 1896 807 1941 non
826 1875 940 1942 statim
954 1894 1068 1963 neque
1082 1873 1170 1941 clam
1184 1895 1224 1940 ex
1238 1870 1326 1941 urbe
1340 1874 1488 1957 excedit;
1502 1880 1537 1940 et

210 1970 374 2052 fidelibus
399 1988 435 2049 et
456 1980 534 2050 aliis
557 2002 697 2071 quoque
716 1980 947 2049 demonstrari
961 1979 1083 2047 debuit
1097 2000 1154 2047 eos
1167 2000 1237 2047 non
1253 1979 1351 2070 quasi
1370 1978 1537 2067 fugitivos

212 2091 336 2158 urbem
355 2087 599 2182 reliquisseqv.
617 2093 660 2155 to
676 2099 838 2154 exeuntes
849 2098 965 2155 autem
979 2085 1021 2153 de
1035 2107 1168 2154 carcere
1183 2085 1392 2183 introierunt
1407 2073 1456 2155 od
1470 2088 1537 2176 Ly·

212 2195 326 2278 diam,
347 2194 452 2285 proin
473 2193 510 2261 in
534 2192 696 2276 domum,
719 2192 781 2260 ubi
802 2192 1007 2260 commorari
1031 2191 1190 2260 solebant
1210 2204 1244 2260 et
1263 2176 1537 2281 oisis'frotrihas
1580 2195 1583 2199 ’

213 2299 382 2371 consolati
403 2310 484 2367 sant
506 2322 579 2387 eos,
605 2298 805 2367 narratione
830 2299 1003 2390 quomodo
1031 2302 1118 2366 Deus
1143 2320 1208 2390 pro
1233 2320 1337 2367 eausa
1363 2297 1535 2386 evangelii

212 2407 450 2476 testimonium
474 2403 683 2485 reddiderit,
707 2426 765 2473 eos
790 2426 927 2495 quoque
953 2403 989 2470 in
1022 2404 1090 2471 fide
1117 2405 1373 2486 confortarunt,
1394 2416 1427 2471 et
1450 2425 1535 2495 pro·

210 2514 295 2604 secti
318 2523 401 2581 sunt
419 2510 546 2579 Paulas
569 2518 603 2577 et
622 2511 709 2578 Silas
730 2517 832 2578 certe.
859 2509 923 2578 Sed
944 2530 1023 2576 eum
1042 2509 1240 2577 Timotheus
1260 2511 1298 2577 in
1323 2509 1474 2600 epistolis
1489 2510 1534 2578 ad

214 2604 532 2713 Thessalonicenses
553 2616 669 2684 statim
692 2617 737 2683 ab
762 2615 861 2683 initio
892 2613 1102 2697 nominetur,
1130 2620 1265 2705 poterat
1295 2615 1404 2684 videri
1433 2615 1536 2685 simul

214 2745 292 2794 oum
315 2723 424 2791 Paulo
447 2730 483 2791 et
500 2721 570 2789 sits
593 2723 631 2789 in
648 2720 827 2790 fundanda
840 2720 900 2789 illa
917 2718 1059 2789 ecelesia
1075 2719 1264 2789 laborasse.
1279 2722 1314 2790 si
1331 2721 1397 2806 ita,
1413 2728 1489 2792 tum
1507 2722 1537 2790 is

214 2852 353 2922 quoque
371 2829 546 2920 proiectus
557 2833 608 2895 est
621 2849 701 2896 cum
712 2827 834 2906 rau10;
850 2834 883 2895 et
895 2827 1018 2895 Paulus
1030 2825 1172 2917 quidem
1190 2849 1269 2897 eum
1285 2827 1380 2897 misit
1393 2828 1536 2897 Thessa·

213 2935 445 3004 lonicensihus
469 2933 501 3024 (1
527 2933 640 3002 Thess.
667 2933 759 3023 3,a);
784 2932 865 3001 iude
889 2954 1026 3023 quoque
1050 2931 1260 3002 concluseris
1279 2955 1360 3002 eum
1383 2935 1454 3002 iam
1473 2955 1537 3003 uo·

213 3049 289 3111 tum
322 3041 407 3133 ipsis
438 3041 553 3108 faisse.
586 3044 693 3108 Lucas
719 3037 921 3107 remansisse
945 3037 1098 3118 videtum
1124 3038 1209 3107 alias
1228 3044 1534 3130 exspectaremus:

215 3148 360 3240 proiecti
379 3168 515 3229 sumus,
540 3145 699 3237 quamvis
719 3144 772 3213 ut.
799 3151 902 3232 negat
924 3166 1002 3211 eum
1025 3143 1183 3213 debuisse
1207 3166 1384 3214 recurrere
1401 3146 1444 3214 ad
1464 3147 1538 3236 pri·

216 3276 309 3323 mam
329 3272 527 3344 personam.

257 3466 427 3547 Apostolus
442 3465 513 3545 ipse
528 3468 666 3528 testatur
679 3467 694 3526 1
707 3464 818 3526 Thess.
832 3465 885 3538 22
900 3479 934 3525 se
947 3470 1019 3526 ante
1033 3480 1164 3543 passum
1180 3468 1213 3526 st
1224 3466 1427 3528 coutumeliis
1442 3468 1538 3530 altec-

218 3570 285 3627 tum
303 3563 461 3643 Philippis
475 3563 517 3625 ad
538 3561 837 3624 Thessalonicenses
851 3561 990 3634 venisse;
1008 3578 1075 3622 reru
1094 3560 1211 3624 metius
1230 3563 1312 3624 scire
1332 3564 1393 3625 sibl
1412 3564 1541 3627 videtur

226 3661 338 3722 ll'eize.
359 3661 438 3722 dum
459 3660 575 3722 asserit
598 3660 632 3720 in
656 3658 764 3721 medic
786 3675 857 3719 esse
875 3657 1132 3736 relinquendum,
1158 3662 1265 3720 utrum
1288 3676 1328 3721 ex
1348 3659 1466 3723 eventu
1483 3661 1539 3723 illo

217 3758 258 3821 de
273 3757 381 3839 puella
395 3756 578 3835 persecutio
590 3761 699 3818 exorta
713 3757 755 3817 sil
771 3771 871 3817 necne
888 3753 933 3834 (p.
949 3753 1037 3832 2t0);
1054 3758 1087 3816 et
1106 3757 1229 3832 queret
1243 3756 1320 3835 quia
1338 3756 1385 3818 ibi
1404 3758 1540 3838 scriptor

218 3854 369 3918 recedita
383 3870 443 3915 suo
457 3852 562 3928 tonte;
579 3869 655 3915 nam
672 3852 839 3931 captivitas
853 3869 917 3914 non
933 3857 1038 3930 potest
1052 3853 1191 3931 separari
1212 3869 1232 3913 a
1249 3853 1442 3917 miraculosa
1456 3854 1539 3917 libe·

218 3953 341 4014 ratione
355 3968 373 4013 e
388 3967 526 4024 carcere,
543 3966 624 4029 quae
636 3950 729 4029 plane
744 3947 887 4011 indolem
902 3947 1076 4028 mythicam
1092 3952 1125 4010 et
1141 3947 1321 4012 fabulosam
1334 3952 1460 4029 praese
1475 3951 1539 4016 tert

218 4053 252 4112 et
270 4050 303 4109 in
323 4048 356 4110 id
376 4045 495 4124 tendit,
512 4053 550 4109 ut
570 4047 688 4109 Paulus
709 4046 935 4125 aequiparetur
954 4045 1051 4107 eliam
1072 4045 1107 4106 in
1125 4045 1206 4106 mira
1225 4045 1413 4110 liberatione
1432 4050 1537 4111 Petro.

219 4148 308 4208 Hanc
321 4144 619 4224 aequiparationem
634 4162 710 4207 eum
726 4146 831 4218 Petro,
852 4161 916 4223 qua
934 4148 1044 4204 mmen
1063 4141 1184 4204 Paulus
1201 4143 1408 4205 conversione
1422 4143 1539 4208 domus

218 4242 348 4324 gentilis
361 4258 459 4322 supra
470 4243 601 4304 Petrum
615 4241 767 4315 emineat,
786 4239 871 4321 llitp.
889 4242 1017 4319 quoque
1032 4256 1069 4301 ea
1084 4238 1265 4302 narratione
1278 4240 1427 4305 debuisse
1443 4243 1540 4306 stabi·

219 4342 270 4403 liri
287 4340 408 4414 innuit;
425 4344 590 4420 praeterea
602 4338 750 4400 laudibus
764 4338 904 4400 celebrat
918 4338 1070 4398 meritum
1086 4334 1173 4415 quod
1197 4334 1292 4397 Weiss
1306 4336 1367 4399 sibi
1381 4340 1539 4419 acquisie-

218 4440 262 4501 rit
274 4457 314 4502 eo
329 4438 417 4518 quod
434 4453 565 4499 scenam
580 4435 615 4495 in
632 4452 757 4497 carcerc
777 4452 859 4514 quae
879 4435 970 4515 plane
989 4434 1125 4514 intelligi
1145 4440 1282 4513 nequeat
1295 4433 1343 4514 (in
1360 4435 1428 4498 sich
1445 4439 1541 4520 rtlltig

88 4584 94 4589 -
220 4533 470 4617 unbegrcittiche
498 4530 727 4611 Kerherscene)
754 4535 907 4607 liiii-3⁴
933 4539 1098 4612 tamquam
1128 4531 1408 4621 interpolationem
1436 4536 1541 4600 serius

218 4637 338 4698 factam
354 4650 371 4694 e
392 4636 479 4695 textu
493 4631 635 4712 genuino
651 4632 855 4709 separaverit.
874 4632 945 4710 lpse
962 4632 1022 4693 seit
1040 4633 1074 4692 in
1088 4629 1178 4692 tonte
1192 4630 1342 4710 originali
1357 4633 1491 4696 Paulum
1508 4641 1540 4696 et

221 4731 319 4792 Silam
341 4747 413 4792 esse
434 4729 587 4793 liberatos
609 4728 680 4790 sine
702 4728 859 4789 miraculo
882 4733 915 4791 et
937 4728 1106 4791 honoratos
1132 4732 1243 4808 utpote
1268 4729 1355 4791 eires
1377 4746 1538 4793 romanos.
