4092 5490
251 326 313 386 218
633 334 641 341 “
706 288 710 295 ¹
783 347 850 391 aar.
873 331 1029 402 {aaa-25.

249 472 428 542 doloribus
456 477 627 545 contectus
652 478 756 546 vitam
778 477 904 558 linivit,
924 464 1051 542 annum
1076 493 1184 560 agens
1210 478 1373 561 quartum
1400 483 1434 542 et
1460 478 1571 566 quin·
1694 532 1698 539 .

250 582 491 669 quagesimum
509 610 541 651 a.
565 590 747 674 Perperam
761 582 911 649 affirmat
935 579 1042 645 Weiss
1056 599 1096 644 ex
1109 577 1308 646 narratione
1325 585 1436 648 Lucae
1450 602 1572 667 regem

248 687 364 754 statim
379 690 582 779 exspirasse3
596 688 633 755 id
646 688 715 754 iam
730 688 804 774 ipsa
812 685 960 751 dictione
975 689 1135 770 γενὲμενος
1148 692 1243 753 caol.
1258 691 1446 776 postquam
1460 686 1571 753 iactus

248 798 300 861 est
313 804 409 864 σκωλ.
424 794 448 863 i.
474 817 505 861 e.
528 815 550 860 a
566 791 737 858 vermibus
753 811 924 871 corrosus,
941 790 1118 872 refutatur,
1138 796 1172 857 et
1194 790 1298 857 etiam
1322 792 1451 859 clarius
1476 798 1571 860 textu

248 900 286 967 in
300 900 522 989 Dampliore.
538 896 607 963 alii
620 895 733 962 morbi
750 917 859 983 genus
877 898 1103 985 excogitatum
1127 918 1199 964 asse
1213 896 1333 965 volunt
1356 906 1437 966 ext
1458 900 1566 967 htach.

248 1012 323 1090 9,e;
351 1011 480 1073 temere
501 1001 540 1068 id
557 1002 719 1068 asseritur
739 1023 779 1069 ao
803 1001 940 1084 trirole;
964 1002 1058 1094 quod
1083 1001 1245 1094 Iosephus
1263 1001 1350 1071 dicit
1368 1023 1425 1088 τῆς
1451 1013 1569 1086 κοιλίας

247 1118 385 1197 ἄλγημα,
398 1118 441 1195 τῷ
455 1124 510 1192 τῆς
524 1114 653 1197 γαστρὸς
667 1111 820 1197 ἀλγήματι
838 1117 1029 1198 διεργασθείς,
1045 1110 1245 1179 nullalenus
1261 1108 1476 1177 contrarium
1497 1115 1566 1191 θεὴ

253 1221 360 1283 Lucas
372 1211 503 1281 maiore
519 1217 651 1307 ἁκριεείᾳ
664 1236 737 1283 rem
747 1216 987 1305 investigatam
1005 1215 1121 1284 refert.
1136 1216 1271 1308 ltorbus
1281 1215 1480 1305 assignatur
1491 1237 1569 1283 ver-

245 1319 436 1405 micularis,
452 1342 533 1405 uon,
549 1327 589 1389 ut
611 1321 673 1389 alii
689 1322 895 1413 quandoque
917 1322 1094 1408 volebant,
1114 1322 1341 1413 pedicularis,
1363 1322 1567 1414 phthiriasis

245 1426 376 1518 (φθείρ);
403 1434 509 1497 Lucas
531 1426 685 1496 nredicus
710 1449 783 1496 rem
806 1430 944 1495 nomine
967 1430 1109 1518 proprio
1132 1435 1292 1497 accurate
1306 1429 1483 1497 describit.

288 1533 404 1602 llisera
417 1535 534 1624 itaque
546 1540 658 1602 morte
676 1557 747 1615 rex,
768 1541 962 1622 persecutor
980 1534 1161 1617 Ecclesiae,
1178 1535 1286 1619 obiit;
1307 1534 1456 1622 angelus
1479 1535 1567 1603 dici·

243 1645 302 1707 tur
315 1661 403 1719 enm¹
413 1641 638 1728 percussisse,
661 1646 700 1706 ut
716 1639 932 1727 intelligatur
954 1640 1114 1707 morbum
1131 1640 1239 1734 illum
1261 1641 1423 1724 foedum,
1438 1663 1508 1731 qno
1530 1641 1568 1709 in

244 1746 319 1833 ipso
332 1744 468 1812 theatro
479 1748 656 1835 correptus
675 1749 725 1812 est
737 1747 782 1833 (et
795 1750 892 1812 aucto
912 1744 1031 1812 dolore
1045 1767 1086 1812 ex
1106 1747 1242 1814 theatro
1261 1747 1298 1812 in
1315 1745 1489 1835 palatium
1506 1746 1568 1813 de-

243 1850 333 1917 latus
347 1855 397 1918 est
415 1856 500 1919 teste
518 1851 690 1942 losepho),
707 1872 776 1919 esse
791 1872 935 1941 poenam
959 1851 1125 1919 divinitus
1147 1850 1324 1919 inflictam.
1346 1857 1433 1951 Eam
1449 1858 1566 1920 autem
1593 1868 1597 1873 ’

244 1978 317 2025 ease
330 1957 496 2026 inflictam
509 1979 587 2025 mox
603 1964 678 2048 post
696 1957 809 2027 lacobi
823 1962 967 2025 mortem
984 1965 1018 2025 et
1031 1959 1120 2024 Petri
1140 1957 1410 2049 profectionem,
1428 1981 1468 2027 ex
1484 1981 1567 2027 nar-

170 2134 174 2140 ,
244 2062 378 2131 ratione
392 2064 513 2154 nequit
526 2063 644 2151 colligi
658 2063 762 2132 etiam
776 2065 853 2132 ideo
866 2063 947 2155 quia
962 2063 1077 2132 morbi
1090 2086 1193 2133 causa
1210 2056 1406 2153 assignatur
1424 2088 1567 2157 prorsus

243 2168 313 2237 alia
324 2179 359 2237 et
372 2190 478 2251 nova,
493 2192 606 2260 neque
616 2171 741 2261 prioris
756 2170 998 2261 persecutionis
1012 2173 1142 2240 mentio
1154 2171 1313 2240 infertur.
1330 2176 1425 2240 Hunc
1442 2174 1565 2264 utique

243 2274 408 2341 miserum
420 2275 510 2343 vitae
530 2276 657 2345 exitum
677 2283 781 2345 Lucas
802 2282 982 2366 propterea
1005 2300 1141 2369 quoque
1164 2278 1334 2363 narravit,
1354 2284 1393 2346 ut
1417 2278 1566 2346 manile-

242 2384 333 2447 stum
347 2379 445 2448 fieret
457 2385 491 2447 et
503 2382 614 2470 qualis
630 2382 814 2471 impietatis
833 2383 1078 2473 superbiaeque
1093 2390 1291 2473 persecutor
1307 2383 1428 2451 luisset
1444 2390 1480 2450 et
1494 2404 1564 2473 quo

212 2504 214 2509 ·
241 2485 384 2554 tandem
397 2485 501 2554 modo
515 2487 644 2554 scelera
656 2488 728 2554 eius
752 2488 820 2554 iam
841 2489 931 2555 hisce
948 2489 982 2555 in
1003 2491 1101 2556 terris
1120 2495 1232 2556 esseut
1256 2489 1435 2577 castigata.
1452 2489 1562 2556 Etiam

242 2592 422 2682 Iosephus,
440 2594 500 2683 qui
516 2593 713 2683 ceteroquin
733 2594 888 2661 laudator
901 2599 951 2662 est
968 2594 1074 2682 regis,
1096 2596 1177 2662 satis
1191 2593 1306 2662 innuit
1324 2594 1486 2664 morbum
1508 2616 1564 2662 re-

240 2697 425 2788 pentinum
438 2699 541 2766 luisse
556 2721 719 2789 poenam,
742 2721 818 2766 cum
833 2699 988 2790 explicite
1000 2700 1119 2768 efferat
1134 2722 1252 2788 regem
1272 2699 1351 2768 illos
1365 2700 1564 2768 adulatores
1652 2714 1656 2721 “

241 2825 354 2893 neque
367 2804 624 2893 reprehendisse
637 2809 746 2895 nequo
765 2814 817 2889 τὴν
834 2814 990 2875 κολακείαν
1006 2809 1164 2876 &efficaces
1179 2828 1201 2873 a
1219 2828 1254 2874 se
1266 2805 1477 2896 repudiasse.
1498 2811 1562 2874 hle-

240 2910 309 2978 rito
322 2909 440 3002 itaque
451 2909 635 2978 uriraberis
649 2896 720 2979 esse
745 2912 805 3000 qui
819 2911 934 2979 dicant
953 2911 1107 2999 mythice
1130 2912 1302 3002 quaedam
1320 2935 1342 2980 a
1364 2910 1563 2981 narratione

240 3021 351 3084 Lucae
365 3037 436 3084 esse
452 3016 675 3085 secernenda.
689 3023 717 3086 h
732 3024 838 3085 morte
849 3018 1073 3106 persecutoris
1085 3017 1177 3085 redit
1191 3018 1237 3087 ad
1253 3036 1328 3085 rem
1338 3018 1562 3087 christianam

238 3144 273 3190 v.
289 3125 484 3191 theoriam
497 3136 612 3191 cartem
626 3123 766 3190 Domini
778 3126 942 3190 crescebat
955 3136 987 3191 et
995 3122 1294 3214 ratoltiplicabatur
1296 3143 1314 3210 ,·
1323 3125 1368 3192 ei.
1381 3130 1456 3207 6:13
1467 3129 1559 3208 9,31;
1669 3199 1676 3210 ,

239 3229 396 3320 Agrippa
420 3228 508 3297 illud
530 3228 747 3320 supprimere
767 3229 937 3310 studebat;
959 3250 1078 3296 verum
1103 3229 1204 3297 aliter
1226 3227 1356 3311 evenit3
1382 3231 1456 3319 ipse
1484 3250 1563 3295 mox

239 3334 396 3404 sublatus
410 3342 476 3419 est,
494 3334 553 3403 sed
568 3335 711 3403 verbum
730 3336 786 3402 Dei
799 3335 834 3401 in
852 3334 924 3401 dies
938 3335 1049 3422 magis
1056 3334 1330 3424 propagabatur.
1346 3335 1476 3403 Dicitur
1488 3356 1563 3403 ver·

237 3442 322 3510 bum
347 3443 587 3533 multiplicari,
609 3449 775 3532 quatenus
796 3442 908 3530 plures
922 3440 1006 3507 illud
1031 3440 1157 3508 animis
1179 3441 1249 3508 suis
1273 3440 1469 3509 recondunt
1494 3439 1562 3507 fide

237 3549 482 3640 amplectentes
496 3557 529 3618 et
546 3548 708 3640 operibus
719 3546 818 3614 bonis
832 3546 929 3637 quasi
944 3546 1059 3614 uvam
1068 3546 1251 3614 reddentes
1263 3551 1298 3613 et
1309 3546 1448 3629 ethaam
1465 3569 1500 3613 v.
1517 3552 1560 3613 25

235 3654 413 3723 Barnabas
425 3667 541 3724 aretem
551 3667 584 3723 et
602 3655 731 3722 Saulus
746 3653 869 3720 reuersi
879 3664 958 3718 sunl
972 3651 1015 3719 ab
1027 3650 1244 3741 ierosolymis
1258 3651 1395 3741 expleto
1405 3650 1561 3719 ministe-

234 3760 287 3829 rio
306 3762 434 3852 (1139.
453 3764 510 3852 30)
526 3772 698 3851 assumpto
714 3761 842 3826 Icariae
855 3759 918 3849 qui
933 3758 1196 3848 cognominatus
1210 3770 1260 3825 ert
1277 3760 1418 3825 Morcus
1438 3780 1469 3824 v.
1491 3763 1558 3836 12.;

234 3876 370 3936 mortuo
393 3868 547 3959 Agrippa
568 3867 757 3936 Palaestina
780 3866 902 3933 iterum
924 3864 1087 3933 attributa
1104 3871 1156 3932 cst
1167 3862 1365 3955 provinciae
1384 3864 1504 3951 Syriae
1527 3868 1562 3930 et

232 3973 473 4043 administrata
497 3998 558 4065 per
577 3980 815 4065 procuratores
834 3992 1005 4055 romanos,
1031 3991 1180 4061 quorum
1201 3971 1300 4060 prior
1322 3975 1397 4038 erat
1417 3968 1561 4059 Cuspius

233 4079 360 4161 Fadus,
375 4082 463 4148 alter
477 4082 632 4149 Tiberius
646 4080 853 4159 Alexander3
870 4079 993 4146 horum
1018 4075 1229 4167 temporibus
1248 4076 1310 4165 (ἐπὶ
1328 4072 1462 4162 τούτοις)
1480 4095 1558 4143 eve·

235 4185 299 4266 nit,
312 4188 603 4277 utmoqnolames
616 4188 775 4255 Iudaeam
786 4186 966 4273 affligeret,
979 4180 1265 4273 narratlosephus
1275 4180 1400 4270 (Antiq.
1411 4178 1556 4267 20,5‚a);

236 4291 329 4362 unde
349 4294 448 4362 facile
479 4293 685 4360 concluseris
703 4295 772 4360 iam
792 4299 869 4359 ante
890 4297 1036 4358 mortem
1060 4287 1231 4378 Agrippae
1251 4287 1309 4378 (ta
1333 4310 1368 4377 p.
1391 4282 1469 4375 Ch.)
1494 4283 1560 4352 ali·
1618 4365 1623 4385 Ι

235 4421 340 4490 quam
359 4422 516 4468 annonae
535 4399 714 4468 caritatem
741 4397 919 4480 exstitisse
944 4418 1024 4464 nam
1047 4396 1085 4463 in
1110 4394 1252 4482 regione
1273 4390 1431 4482 alioquin
1454 4389 1559 4458 fertili

235 4528 308 4574 nou
322 4506 436 4576 subito
457 4528 584 4594 magua
599 4504 750 4573 exoritur
772 4504 897 4584 fames,
921 4524 1041 4570 verum
1057 4499 1208 4592 plurium
1234 4519 1408 4566 annorum
1424 4496 1557 4565 minore

231 4613 420 4684 fertilitate.
433 4619 566 4683 Fratres
575 4609 774 4680 antiocheni
784 4608 923 4677 oraculo
933 4607 1104 4676 admoniti
1115 4606 1189 4675 iore
1200 4626 1359 4673 annonae
1373 4604 1556 4694 penuriam

235 4720 391 4809 proiecto
405 4743 476 4789 nou
492 4718 750 4810 exspectabant,
771 4716 878 4785 donec
892 4737 1021 4806 rataque
1032 4716 1140 4783 tames
1159 4716 1276 4781 exorta
1290 4712 1350 4795 sit,
1365 4710 1426 4779 sed
1444 4708 1558 4801 potius
