4154 5452
1040 369 1108 414 scr.
1130 353 1265 424 uiuae.
1761 350 1820 413 169

493 507 676 587 beneusensit.
695 509 728 560 ln
745 523 773 559 v.
788 462 821 559 id
837 502 961 572 impetu
980 501 1105 568 RABQ
1126 507 1175 570 gig
1191 506 1310 557 haerere
1327 504 1480 568 discipulis.
1503 503 1536 553 ln
1554 517 1581 552 v.
1604 504 1638 554 29
1658 517 1703 555 am
1722 506 1815 558 demld

493 598 532 647 tol
545 598 603 650 Bed
617 600 667 664 gig
680 611 736 648 nou
751 596 856 646 habent
867 606 931 645 eum
943 594 1076 658 gentibus
1080 607 1089 657 3
1106 595 1211 647 habent
1228 595 1298 658 vulg
1316 595 1390 645 aeth.
1410 593 1442 642 Iu
1460 605 1489 642 v.
1507 590 1540 642 ³0
1555 588 1597 640 δια
1611 607 1697 651 conreg
1715 607 1763 657 syr
1776 596 1815 658 pb

493 687 520 738 ο·
534 690 583 752 gig
596 689 656 737 sah.

534 827 656 890 Narrat
670 819 844 911 apostolus
856 822 894 888 in
913 823 1058 913 epistola
1072 821 1118 889 ud
1137 822 1273 890 Galatas
1289 828 1452 910 1,17seq.
1469 842 1504 887 se
1524 822 1602 909 post
1620 818 1813 885 couversio-

492 950 570 996 nem
589 949 686 996 suam
713 927 836 995 abiisse
859 930 896 996 in
919 929 1084 995 Arabiam
1106 934 1140 995 et
1158 929 1286 995 iterum
1304 948 1479 994 reversum
1500 948 1572 993 esse
1591 931 1811 1003 Damascum,

494 1034 618 1101 deinde
638 1041 714 1124 post
733 1056 844 1102 annos
869 1041 940 1102 tres
962 1033 1096 1101 venisse
1111 1034 1355 1120 lerosolymam
1374 1030 1492 1100 videre
1512 1038 1670 1115 Petrum
1699 1030 1818 1121 ibique

491 1141 585 1231 apud
597 1163 678 1208 eum
692 1140 856 1209 mansisse
876 1138 999 1207 diebus
1017 1138 1217 1230 quindecim
1232 1144 1266 1206 et
1280 1143 1417 1229 praeter
1432 1143 1570 1206 Petrum
1590 1159 1661 1205 non
1676 1159 1697 1204 a
1714 1159 1749 1205 se
1765 1136 1817 1202 vi-

493 1270 568 1315 sum
580 1269 650 1315 esse
676 1247 784 1313 alium
808 1244 1023 1336 apostolum,
1045 1245 1111 1314 nisi
1139 1246 1303 1313 Iacobum
1330 1246 1473 1312 fratrem
1497 1243 1644 1311 Domini.
1674 1244 1726 1311 Ab
1748 1243 1813 1310 hae

492 1356 687 1421 narratione
700 1351 802 1442 plane
817 1352 979 1419 recedere
993 1350 1352 1442 eiquenontradioere
1363 1350 1566 1439 scriptorem
1578 1355 1725 1417 Aetnam
1746 1350 1817 1417 ela·

491 1464 587 1525 mant
605 1457 703 1547 Hilq,
732 1456 867 1543 Wendt,
893 1458 1017 1527 Weiss.
1046 1457 1153 1526 Weiss
1175 1459 1315 1547 aliique.
1341 1461 1465 1524 Verum
1480 1460 1531 1524 est
1549 1455 1638 1524 illud
1650 1455 1718 1523 iter
1732 1477 1813 1523 ara-

490 1564 637 1631 bieuma
655 1568 743 1631 Luca
756 1586 826 1632 non
848 1565 1002 1647 narrari,
1023 1563 1084 1632 sed
1105 1563 1239 1655 aliquid
1264 1563 1422 1631 omittere
1443 1585 1514 1631 non
1536 1567 1588 1629 est
1602 1561 1693 1630 idern
1710 1566 1815 1652 etque

487 1670 576 1738 illud
590 1693 730 1759 negare.
749 1677 789 1738 ut
804 1675 985 1761 praeterea
998 1670 1248 1740 advertendum
1263 1675 1314 1738 est
1326 1675 1378 1738 sat
1390 1669 1500 1737 multa
1512 1691 1533 1736 a
1547 1675 1637 1737 Luca
1650 1691 1722 1736 non
1737 1690 1817 1736 nar-

488 1778 574 1859 rari,
592 1777 772 1867 dequibus
785 1784 903 1845 temen
917 1799 958 1845 ex
972 1776 1126 1866 epistolis
1144 1776 1295 1867 paulinis
1306 1778 1467 1844 certiores
1483 1774 1677 1843 reddimur.
1694 1780 1814 1843 Exem-

488 1884 585 1974 plum
604 1884 711 1951 habes
734 1890 755 1950 2
775 1887 849 1953 Cor.
878 1889 1058 1977 ¹¹r2'1·29,3
1076 1884 1183 1951 refert
1210 1883 1385 1973 apostolus
1406 1904 1414 1951 ε
1435 1905 1457 1951 a
1481 1882 1614 1950 ludaeis
1629 1882 1813 1974 quinquies

488 1989 728 2079 quadragenas
748 2012 816 2057 uua
828 1989 945 2058 minus
959 1990 1077 2081 accepi
1098 2028 1145 2040 -
1163 1989 1206 2058 de
1224 1990 1278 2057 his
1294 1990 1385 2057 nihil
1403 1989 1439 2056 in
1453 1994 1526 2056 Act.
1543 2008 1599 2067 -;
1625 1994 1679 2055 ter
1703 1988 1812 2075 virgis

485 2117 600 2163 caesus
617 2117 692 2164 sum
706 2133 750 2145 -
761 2118 803 2163 ea
816 2097 910 2164 hisce
927 2118 1036 2164 unum
1049 2096 1158 2164 habes
1176 2102 1295 2178 ld,22;
1311 2102 1364 2164 ter
1377 2094 1601 2182 naufragium
1620 2095 1685 2161 ieci
1700 2132 1745 2144 -
1768 2093 1812 2161 de

486 2202 577 2269 hisee
592 2202 683 2269 nihil
701 2204 736 2268 in
752 2208 841 2286 Aet,
856 2224 940 2271 nam
956 2203 1179 2291 naufragium
1195 2208 1295 2285 27,tl
1310 2224 1382 2293 seq.
1399 2201 1526 2270 accidit
1536 2209 1615 2291 post
1627 2199 1810 2291 epistolam

486 2311 661 2397 scriptam3
678 2331 781 2399 porro
801 2309 921 2376 scribit
942 2308 986 2377 de
1010 2307 1174 2399 periculis
1198 2308 1400 2392 fluminum,
1417 2308 1608 2389 latronum,
1634 2309 1671 2374 in
1686 2306 1811 2375 solitu·

486 2413 581 2496 dine,
598 2414 634 2481 in
659 2415 763 2496 mari,
780 2438 801 2483 a
825 2415 920 2484 falsis
937 2415 1105 2483 fratribus
1119 2421 1204 2496 etc.;
1231 2414 1384 2483 dehisce
1407 2413 1569 2482 omnibus
1591 2413 1671 2481 silet
1690 2418 1809 2482 Lucas.

487 2521 630 2587 Proinde
645 2528 775 2590 nonest
787 2522 933 2605 mirum,
948 2522 978 2590 si
997 2524 1101 2590 etiam
1115 2524 1181 2590 iter
1198 2520 1289 2589 illud
1313 2521 1493 2590 arabicum
1514 2525 1621 2601 tacet3
1641 2547 1658 2581 «
1679 2519 1808 2587 ideireo

484 2634 600 2693 autem
617 2632 719 2694 Lucas
731 2628 893 2696 Arabiam
912 2629 1187 2719 praetermittere
1208 2629 1356 2710 videtur,
1380 2629 1462 2718 quia
1479 2626 1529 2693 ibi
1549 2626 1692 2694 minime
1709 2648 1813 2716 prae-

487 2733 666 2814 dicaverit,
695 2733 789 2801 iuxta
815 2735 909 2824 quod
931 2736 1005 2825 ipse
1032 2737 1071 2803 in
1100 2735 1325 2826 sequentibus
1349 2733 1527 2824 Agrippae
1555 2732 1632 2821 regi
1659 2733 1809 2824 loquens

484 2839 531 2904 ait
550 2863 557 2907 :
576 2839 658 2928 quia
679 2842 829 2908 Damasei
849 2840 1049 2931 primumet
1064 2841 1326 2928 lerosolymiset
1341 2841 1485 2907 inomni
1504 2840 1645 2927 regione
1663 2840 1810 2908 Iudaeae

486 2951 518 3010 et
542 2947 701 3031 gentibus
731 2946 977 3038 praedicabam
1012 2969 1050 3031 »ς
1070 2948 1120 3015 ita
1141 2949 1212 3015 iam
1241 2946 1336 3015 Beda
1363 2947 1452 3015 benc
1474 2951 1591 3030 notat,
1619 2967 1723 3036 quem
1748 2946 1809 3013 alii

485 3060 673 3140 sequuntur
702 3054 758 3141 (cl.
789 3053 936 3144 Cornely
959 3052 1004 3121 ad
1024 3054 1096 3122 Gal.
1125 3054 1231 3143 1,17).
1256 3059 1379 3121 Verum
1408 3053 1452 3120 ab
1476 3052 1572 3120 omni
1596 3052 1723 3119 erroris
1755 3074 1813 3121 ae-

485 3159 654 3225 eusatione
674 3159 727 3226 vel
749 3159 1021 3228 contradictione
1035 3164 1158 3228 eontra
1176 3182 1218 3227 ea
1236 3181 1325 3250 quae
1344 3159 1470 3227 Paulus
1493 3158 1566 3227 Gal.
1586 3165 1665 3238 1,1’1
1689 3167 1809 3226 narrat

485 3268 587 3330 ercas
605 3264 770 3332 immunis
786 3272 836 3333 est
857 3272 893 3333 et
911 3271 949 3334 ut
966 3266 1045 3333 talis
1066 3265 1137 3335 iam
1161 3287 1203 3334 eo
1229 3265 1349 3333 debuit
1373 3266 1531 3354 agnosci,
1549 3264 1633 3356 quia
1651 3264 1739 3332 adeo
1760 3264 1810 3332 di·

483 3371 603 3437 stinete
618 3372 654 3438 in
667 3372 939 3440 commoratione
958 3372 1164 3440 damascena
1182 3372 1280 3440 effert
1293 3371 1388 3463 prius
1406 3382 1524 3461 ἡμέρας
1542 3377 1625 3453 τινάς
1645 3379 1680 3439 et
1698 3371 1779 3439 dein
1799 3394 1807 3440 τ

484 3498 561 3543 cum
578 3483 693 3544 autem
712 3477 969 3569 complerentur
995 3478 1069 3546 dies
1086 3478 1188 3546 multi
1208 3489 1320 3567 ἡμέραι
1334 3488 1430 3547 ἱκαναί
1443 3501 1477 3547 v.
1496 3484 1551 3545 23.
1569 3477 1664 3544 Unde
1685 3483 1805 3568 aperte

484 3589 601 3649 narrat
620 3584 761 3651 Saulum
780 3590 858 3675 post
872 3585 1131 3652 conversionem
1150 3606 1215 3675 per
1230 3583 1363 3674 aliquot
1375 3583 1450 3652 dies
1464 3587 1639 3651 versatum
1654 3605 1726 3652 esse
1745 3589 1810 3652 ba-

484 3689 607 3767 nrusci3
625 3689 706 3757 dein
721 3697 967 3759 commemorat
981 3690 1128 3759 alteram
1138 3712 1273 3759 moram
1282 3691 1438 3759 Damasci
1453 3691 1597 3772 laetam,
1616 3694 1693 3780 post
1703 3712 1808 3781 quam

484 3800 652 3884 proiectus
675 3796 718 3863 sit
736 3797 935 3865 Ierusalem.
956 3798 1018 3876 Qui
1041 3802 1158 3865 autem
1181 3800 1229 3865 ita
1252 3804 1385 3878 narrat,
1408 3819 1448 3864 eo
1469 3796 1545 3886 ipso
1563 3796 1695 3864 indicat
1715 3797 1807 3864 inter

483 3901 635 3991 priorem
650 3903 957 3971 commorationem
977 3912 1012 3970 et
1030 3903 1177 3972 alteram
1191 3903 1326 3993 aliquid
1342 3902 1570 3971 intercessisse
1586 3903 1673 3970 urbe
1689 3902 1809 3970 dama·

481 4030 581 4074 scena
595 4006 725 4075 relicta.
748 4008 833 4086 Quid
852 4011 1100 4092 intercesserit,
1116 4010 1285 4077 discimus
1299 4009 1372 4077 cal,
1396 4015 1490 4089 l,l'l.

526 4116 695 4204 baptismo
719 4115 837 4205 itaque
866 4124 1006 4206 accepto
1027 4138 1060 4184 v.
1087 4122 1128 4184 19
1154 4115 1228 4204 suit
1251 4127 1367 4183 autem
1392 4137 1470 4183 eum
1499 4114 1698 4208 discipulis,
1719 4117 1745 4185 i.
1777 4139 1809 4185 e.

481 4222 696 4302 Christianis,
713 4222 776 4313 qui
787 4234 887 4288 erunt
899 4220 1062 4290 Damasci
1075 4244 1143 4313 per
1160 4220 1235 4289 dies
1253 4221 1390 4313 aliquot
1407 4229 1441 4290 et
1465 4222 1646 4291 inventum
1668 4224 1809 4292 thesau-

482 4350 557 4393 rum
572 4352 635 4418 pro
659 4351 700 4395 co
723 4350 841 4396 amore
860 4350 930 4419 quo
951 4328 989 4395 in
1012 4332 1123 4395 lesum
1145 4333 1179 4395 et
1202 4328 1240 4397 in
1262 4334 1425 4418 cognatos
1454 4330 1646 4397 secuudum
1668 4351 1809 4397 earnem

483 4435 592 4521 (Rom.
615 4436 723 4523 eru-5)
741 4436 929 4523 flagrabat,
944 4435 1060 4503 statim
1076 4456 1155 4502 eum
1171 4434 1248 4503 aliis
1262 4437 1517 4504 communicare
1532 4435 1705 4523 gestiebat
1716 4457 1749 4504 v.
1767 4442 1810 4503 20

483 4550 515 4606 et
532 4540 690 4608 continuo
708 4541 746 4609 in
768 4542 961 4632 synagogis
974 4541 1201 4633 praedicabat
1223 4543 1334 4610 lesum
1363 4541 1531 4633 quonium
1547 4540 1609 4615 hic,
1624 4554 1673 4609 est
1696 4541 1811 4610 Filius

484 4647 565 4727 uer}
583 4669 701 4715 rerum
735 4648 880 4718 mutatio
903 4648 989 4717 adeo
1010 4647 1126 4717 subita
1143 4671 1215 4718 nou
1241 4651 1355 4739 potuit
1368 4670 1440 4717 non
1463 4649 1614 4716 excitare
1636 4670 1808 4717 summum

484 4752 638 4820 omnium
650 4754 915 4824 admirationem
934 4778 968 4824 v.
986 4761 1026 4823 21
1042 4757 1226 4846 stupebant
1240 4768 1356 4824 autem
1369 4777 1484 4823 omues
1495 4754 1559 4845 qui
1569 4753 1762 4823 audiebant
1776 4770 1808 4825 et
