4128 5442
266 319 305 379 18
773 341 812 386 oa
833 328 935 387 'raxru
956 339 1089 387 aarum.

154 508 159 519 ·
262 468 370 558 periri
392 470 557 539 orationis
575 471 788 564 philippicae
800 476 922 541 tertiae
937 472 1187 556 Demosthenis,
1206 472 1451 540 Tertullianum
1470 469 1588 538 testari

261 596 347 667 opus
371 577 536 647 adversus
555 578 760 647 Marcionem
772 583 827 646 ter
845 600 865 644 a
883 600 919 644 se
936 578 1105 669 scriptum
1126 600 1214 660 esse,
1229 578 1412 646 Eusebium
1427 577 1471 644 de
1495 598 1589 644 mar-

260 684 394 771 tyribus
419 682 630 752 Palaestinae
649 688 683 751 et
700 681 840 749 brevius
861 683 1031 771 scripsisse
1052 689 1087 749 et
1106 683 1232 751 iterum
1249 683 1373 769 fusius,
1390 681 1588 774 Apollodori

259 801 405 878 χρονικῶν
424 788 600 880 duplicem
615 787 802 855 editionem
821 791 854 854 el
871 786 1017 876 Longini
1040 787 1186 880 Ἀττνκῶν
1203 795 1354 872 ὀνομάτων
1381 797 1512 870 ἐκδόσεις
1535 795 1586 857 δύο

259 896 403 964 aSuida
424 899 579 974 testatas,
598 893 767 961 Ciceronis
782 892 1067 962 Academicorum
1090 893 1258 962 editiones
1280 894 1366 961 duas
1393 896 1447 981 (el.
1468 894 1581 978 Blass,

258 1007 343 1069 Acta
354 1024 389 1091 p.
408 1002 468 1084 vt).
482 1036 528 1050 -
541 997 609 1065 Alii
626 1004 741 1066 tamen
755 999 961 1069 sententiam
980 1001 1128 1092 duplicis
1145 1000 1352 1070 recensionis
1366 1000 1583 1085 reiieiebaut,

257 1128 347 1197 quae
379 1105 417 1172 in
454 1103 632 1195 periodioo
669 1109 783 1173 tterue
811 1106 969 1197 biblique
1006 1107 1108 1198 (1895
1143 1131 1179 1199 p.
1205 1108 1285 1197 893)
1311 1105 1505 1197 appellatur
1536 1129 1585 1174 un

256 1209 428 1302 paradoxa
452 1232 522 1301 pur
549 1215 584 1278 et
604 1211 749 1303 simple;
778 1204 857 1281 e'anr'
876 1235 945 1281 non
972 1212 1160 1281 admittunt
1193 1213 1313 1281 Felten
1344 1211 1584 1304 (hiterarische

257 1315 480 1401 Rundschau,
499 1323 587 1387 1898
604 1340 641 1409 p.
659 1317 751 1409 103),
767 1317 1054 1403 H.·Haltzmoan,
1072 1318 1275 1409 Hilqenfeld
1294 1319 1372 1400 alii,
1387 1318 1449 1409 qui
1466 1324 1582 1387 tamen

255 1444 325 1491 non
344 1429 475 1512 negant
500 1423 636 1515 aliquas
659 1424 988 1492 lectiones‘omnino
1010 1425 1168 1493 meliores
1187 1429 1221 1492 et
1240 1425 1411 1512 genuinas
1431 1426 1468 1491 in
1487 1430 1583 1493 textu

254 1528 315 1597 illo
347 1537 364 1613 β
386 1530 568 1599 contineri.
592 1531 803 1599 Sententiam
823 1553 844 1597 a
863 1530 961 1599 Blass
979 1531 1193 1622 propositam
1216 1553 1286 1599 esse
1310 1529 1582 1599 consideratione
1600 1616 1604 1621 .

255 1635 398 1725 dignam
419 1634 562 1726 Trerclcle
585 1641 699 1704 censet
722 1635 935 1727 (Einleitung
958 1660 994 1726 p.
1010 1640 1113 1724 ‘1t3);
1138 1660 1214 1706 eam
1237 1637 1445 1728 hypothesin
1470 1637 1580 1705 solum

254 1747 501 1833 commemorat
514 1740 572 1809 Al.
588 1741 738 1831 Scldser
753 1741 801 1833 (p.
820 1741 929 1833 297)st
969 1755 973 1766 ·
1116 1757 1120 1765 ’

298 1846 387 1924 Quid
407 1866 491 1934 ergo
513 1846 811 1917 concludendum?
831 1854 962 1917 certum
985 1848 1123 1917 ridetur
1144 1849 1308 1917 lectiones
1328 1848 1495 1940 quasdam
1516 1869 1581 1935 ge·

252 1953 376 2021 nuinas
403 1952 454 2020 ibi
482 1975 554 2022 esse
583 1960 755 2038 serratas;¹
780 1955 898 2046 aliqua
924 1976 1018 2045 quae·
1045 1954 1209 2024 differunt
1231 1956 1277 2024 ad
1302 1954 1580 2024 emendationem

254 2059 517 2127 amanuensium
532 2060 655 2137 reterri
667 2082 766 2151 posse
780 2061 835 2128 vix
846 2060 969 2148 negari
982 2060 1125 2151 poterit;
1142 2061 1186 2129 de
1200 2061 1276 2129 aliis
1291 2061 1479 2152 quidquam
1496 2061 1580 2128 certi
1680 2106 1684 2110 -

252 2172 401 2234 statuere
419 2166 505 2233 velle
517 2171 593 2256 post
608 2170 659 2233 tot
673 2172 708 2233 et
719 2171 831 2235 tantas
843 2165 1013 2248 codicum,
1029 2166 1226 2235 versionum
1244 2166 1491 2235 vicissitudines
1506 2188 1579 2234 me·

140 2334 144 2343 .
252 2272 317 2339 rito
338 2270 449 2339 videri
468 2277 584 2361 potest
603 2293 658 2339 res
680 2274 836 2340 nimium·
847 2272 1032 2341 salebrosa.
1050 2273 1129 2353 Quis
1147 2275 1240 2341 'eninr
1260 2274 1414 2342 omnium
1435 2274 1576 2341 illorum

251 2377 457 2459 scribarum,
474 2379 716 2469 interpretum,
733 2376 969 2473 librariorum,
980 2380 1256 2463 emendatorum,
1270 2385 1412 2470 mentes,
1423 2379 1575 2467 ingenia,

252 2506 384 2566 mores,
407 2483 559 2551 indolem
582 2483 632 2552 ita
653 2490 832 2575 perspecta
856 2483 962 2553 habet
986 2491 1025 2553 ut
1050 2485 1145 2576 apud
1168 2508 1204 2553 se
1230 2487 1393 2554 decernat
1416 2484 1501 2576 quid
1525 2483 1577 2553 illi
1670 2539 1674 2546 .

251 2591 381 2658 audere
401 2596 434 2658 et
453 2590 590 2658 efficere
611 2612 680 2658 non
701 2589 899 2681 potuerint?
919 2593 993 2658 Non
1012 2591 1225 2674 contradico,
1242 2593 1271 2660 si
1293 2577 1353 2682 qni
1372 2614 1407 2660 se
1426 2591 1459 2658 id
1479 2612 1578 2682 prae·

251 2702 342 2764 stare
365 2717 462 2787 posse
485 2696 711 2765 arbitrantur.
732 2700 839 2764 Suum
868 2694 1017 2788 quisque
1041 2697 1208 2766 iudicium
1234 2698 1377 2782 excolat,
1400 2705 1592 2788 sequatur„

252 2807 361 2881 Quare
385 2802 531 2870 subiicio
552 2824 621 2894 qua
640 2804 775 2870 ratione
796 2801 894 2870 Blass
916 2802 1073 2870 ostendat
1094 2824 1159 2893 per
1181 2803 1436 2872 emendatorem
1465 2825 1577 2894 neque

250 2916 380 2978 textum
401 2916 479 2991 ter
500 2940 536 2988 a,
549 2918 665 3000 'neque
682 2913 814 2977 textum
833 2940 854 2977 a
866 2930 917 2990 ,ex
935 2915 953 2993 β
973 2908 1145 2978 efformari
1168 2911 1317 3000 potuisse
1337 2931 1345 2978 :
1367 2938 1383 2971 «
1403 2932 1494 2997 nego
1516 2932 1578 2977 vo·

249 3016 353 3084 luisse
367 3015 520 3106 aliquem
538 3019 622 3083 Acta
635 3014 683 3082 ita
701 3014 889 3103 reingere,
906 3019 944 3083 ut
956 3035 1027 3083 esse
1039 3015 1075 3082 in
1093 3023 1111 3099 β
1126 3015 1291 3085 videmus.
1308 3020 1382 3084 Non
1397 3016 1577 3108 perspicua

250 3123 362 3210 magis
394 3121 548 3190 narratio
577 3120 754 3189 reddenda
780 3126 871 3205 erat,
899 3121 966 3189 nisi
993 3121 1113 3212 paucis
1140 3122 1239 3206 locis,
1267 3123 1407 3190 brevior
1435 3122 1576 3190 fortasse

252 3228 349 3297 reddi
374 3234 526 3320 poterat,
547 3226 609 3295 sed
630 3225 689 3294 ille
711 3226 864 3295 reddidit
887 3228 991 3295 etiam
1018 3225 1255 3316 prolixiorem,
1274 3250 1342 3295 non
1369 3228 1577 3316 elegantiam

250 3341 398 3403 sectatus
421 3340 488 3416 est,
504 3325 583 3402 ‘non
609 3335 755 3401 mutavit
779 3333 981 3416 sententias3
1008 3354 1071 3399 cnr
1094 3332 1201 3421 igitur
1221 3334 1362 3401 omnino
1386 3333 1575 3424 quidquam

251 3441 417 3508 mutarit?
439 3447 487 3508 An
510 3438 594 3530 quia
612 3437 778 3508 mutando
797 3438 1044 3521 delectabatur,
1061 3437 1246 3527 indulgens
1260 3440 1382 3527 genio?
1401 3446 1490 3528 Ergo
1503 3440 1572 3507 cito
1619 3446 1622 3452 '

250 3548 405 3617 futurum
428 3553 503 3614 erat
523 3551 560 3615 ut
580 3547 695 3614 fessus
706 3544 903 3628 desisteret,
922 3545 1005 3636 quia
1024 3545 1142 3635 utique
1163 3545 1271 3612 animi
1291 3546 1362 3614 acri
1382 3546 1573 3614 intentione

251 3678 336 3746 opus
358 3658 447 3735 erat,
465 3675 510 3721 ne
535 3652 620 3743 quid
639 3652 713 3720 falsi
734 3651 893 3733 interret;
914 3650 973 3718 ille
994 3657 1111 3718 autem
1132 3673 1238 3742 nsque
1261 3651 1306 3719 ad
1321 3660 1508 3720 extremum
1535 3650 1576 3718 li-

250 3760 351 3830 brum
374 3759 618 3852 perseverarit.
640 3757 750 3826 Verba
772 3778 911 3848 quoque
935 3757 1010 3847 ipsa
1032 3779 1105 3825 non
1128 3763 1257 3825 temere
1278 3764 1375 3825 erant
1398 3758 1572 3849 ponenda,

249 3868 308 3937 sed
322 3865 516 3937 cavendum
530 3887 574 3933 ne
589 3862 675 3954 quid
690 3864 723 3931 in
740 3862 882 3933 eiacum
897 3864 1018 3931 ceteris
1032 3863 1257 3953 discreparet3
1274 3869 1351 3945 aut,
1365 3866 1392 3932 si
1408 3865 1475 3934 hoc
1488 3887 1575 3957 opus

252 3996 407 4044 essenon
424 3977 594 4065 putasset,
608 3969 707 4038 facile
724 3990 818 4038 nunc
839 3991 881 4037 ex
899 3969 1014 4038 colore
1035 3969 1194 4038 dictionis
1214 3969 1325 4038 aliena
1340 3970 1576 4039 additamenta

251 4063 606 4174 deprehenderemus.
630 4081 671 4144 At
688 4098 758 4144 non
781 4075 1088 4167 deprehendimus,
1102 4076 1210 4144 immo
1230 4075 1376 4144 eundem
1397 4077 1501 4166 plane
1517 4099 1576 4144 co·

251 4187 359 4256 lorom
389 4186 563 4270 ridemus3
591 4185 708 4274 itaque
734 4181 921 4251 edidicerat
950 4181 1009 4250 ille
1037 4182 1177 4250 tortasse
1204 4189 1313 4250 totum
1339 4181 1510 4267 libellum,
1536 4188 1576 4250 ut

250 4300 366 4365 exacte
391 4294 464 4361 eius
487 4290 674 4359 dictionem
695 4289 825 4359 imitari
842 4293 969 4380 posset.
990 4288 1058 4356 Sed
1080 4309 1143 4357 cur
1167 4288 1203 4355 id
1226 4287 1374 4356 voluisse
1398 4276 1586 4357 dicamus?¹

250 4409 305 4473 Est
320 4400 475 4493 protecto
492 4398 556 4465 hac
566 4398 696 4465 ratione
708 4395 951 4478 desistendum,
966 4393 996 4462 si
1010 4394 1152 4486 quidem
1162 4393 1441 4484 probabilitatem
1455 4417 1574 4486 sequa·

250 4531 340 4578 mur.
357 4513 399 4577 at
418 4506 446 4574 si
461 4504 584 4596 nequit
597 4511 615 4587 β
626 4525 666 4571 ex
678 4533 698 4573 a
710 4501 887 4594 probabili
898 4503 1031 4570 ratione
1050 4501 1219 4581 derivari,
1235 4501 1377 4570 fortasse
1391 4532 1410 4571 a
1428 4509 1498 4585 extl
1513 4524 1574 4592 po·

249 4616 339 4684 terit.
357 4618 438 4682 Erat
459 4611 571 4701 igitur
591 4609 726 4678 homini
743 4607 796 4676 illi
817 4631 920 4700 quern
940 4607 1104 4696 tingimus
1120 4607 1157 4676 in
1181 4606 1374 4676 recidendis
1393 4608 1574 4699 superfluis

250 4714 401 4790 maxima
428 4741 510 4811 pars
537 4717 685 4807 negotii,
706 4737 820 4806 neque
847 4713 915 4783 dici
938 4720 1050 4805 potest
1074 4715 1249 4783 neminem
1275 4714 1309 4783 ei
1336 4715 1432 4806 operi
1456 4737 1572 4808 parem
