4010 5474
92 322 96 326 ,
225 254 284 314 soe
460 231 464 239 '
756 240 1009 341 'ancras-eo.

221 400 427 491 porticibus,
454 398 593 487 statuis,
620 404 783 495 picturis,
806 404 945 491 templis
968 403 1042 497 agit
1070 403 1253 468 Pausanias
1278 400 1379 488 (1,3).
1403 406 1487 481 Cum
1512 401 1553 469 iis
1667 438 1670 443 -

220 507 281 598 qui
295 569 299 576 ,
312 506 400 576 forte
419 508 565 578 aderant
582 510 619 576 in
638 509 728 591 loro,
747 528 922 575 sermones
949 505 1134 590 miscebat3
1155 529 1189 574 v.
1215 512 1255 573 18
1273 503 1416 595 quidam
1437 519 1553 574 autem
1675 507 1679 513 ’

218 613 372 705 epicurei
382 628 417 683 et
429 614 531 683 stoici
537 611 742 705 philosophi
753 610 964 679 disserebant
977 634 1057 680 cum
1072 635 1110 680 eo
1125 619 1308 683 ουνέοαλλον
1324 615 1404 700 αὐτῷ
1417 632 1494 678 cum
1510 633 1552 678 eo

217 721 552 810 congrediebantur,
570 738 650 784 cum
668 739 710 785 eo
730 718 970 802 conferebant3
994 725 1028 787 et
1048 719 1203 810 epicurei
1219 718 1378 809 quidem,
1395 716 1552 786 homines

218 826 390 918 voluptati
421 820 548 906 dediti,
569 824 642 890 eius
669 823 844 892 doctrinae
878 846 1046 914 magnum
1074 825 1225 892 offerunt
1253 829 1488 915 contemptum
1518 830 1553 891 et

101 946 104 953 “
217 934 333 1001 statim
349 927 503 996 alimine
515 950 593 996 eam
607 929 807 1021 repudiant3
822 943 856 996 et
865 930 1010 1020 quidam
1024 928 1186 997 dicebant
1199 951 1212 995 .·
1226 929 1314 1020 quid
1326 928 1399 996 vult
1410 929 1552 996 semini-

219 1035 353 1104 verbius
371 1032 428 1101 lric
443 1033 554 1102 dicere
574 1043 602 1105 τί
622 1042 657 1105 ἂν
676 1043 758 1104 θέλοι
771 1037 869 1126 quasi
883 1058 957 1103 rem
976 1039 1186 1126 proponeret
1204 1056 1294 1126 quae
1311 1031 1356 1101 ad
1368 1032 1459 1124 'quid
1475 1038 1551 1101 ten·

219 1140 281 1207 dat
299 1145 334 1208 et
350 1138 436 1230 quid
453 1139 521 1208 sibi
537 1142 621 1210 velit
636 1141 834 1210 nullatenus
847 1136 998 1230 intelligi
1012 1142 1119 1234 possit
1134 1152 1149 1211 ὁ
1165 1146 1393 1231 σπερμολόγος,
1410 1139 1550 1230 proprie

220 1246 355 1314 avicula
373 1251 427 1314 est
443 1247 584 1338 quaein
598 1248 710 1314 triviis
724 1249 810 1315 solet
830 1250 963 1316 semina
984 1248 1167 1337 colligere;
1185 1247 1267 1316 inde
1287 1245 1445 1315 homines
1464 1244 1550 1313 viles

220 1352 422 1422 eonomine
440 1352 558 1421 vocari
578 1352 735 1420 solebant
755 1352 848 1443 (Oec.
870 1354 1041 1445 Thespi),
1059 1359 1101 1421 et*
1114 1354 1286 1445 imprimis
1309 1359 1383 1421 erat
1403 1352 1547 1421 verbum

220 1458 510 1528 contumeliosum
527 1457 572 1526 ad
588 1457 778 1526 locutorem
795 1460 946 1541 sutilem,
964 1460 1197 1544 blateronem,
1214 1463 1437 1546 nugatorem,
1455 1479 1548 1526 seur-

177 1566 185 1578 “
218 1587 294 1634 ram
309 1562 583 1652 designandum:
601 1591 618 1626 u
633 1564 706 1631 sine
720 1563 828 1632 dubio
845 1566 911 1633 hoc
929 1587 969 1633 ex
986 1567 1061 1656 ipso
1076 1587 1136 1633 ore
1152 1564 1412 1633 Atheniensium
1426 1567 1547 1631 auctor

218 1669 387 1760 excepit»
409 1667 507 1759 (Bt).
527 1668 660 1736 Frivola
681 1676 716 1736 et
737 1671 882 1761 prolana
899 1671 1031 1738 indoles
1054 1671 1296 1762 epicureorum
1314 1668 1396 1737 satis
1417 1690 1487 1736 una
1505 1689 1547 1735 ea

217 1797 300 1844 voce
315 1774 532 1866 depingitur.
550 1775 657 1842 Aliter
677 1775 800 1844 stoici:
818 1776 882 1843 elii
902 1798 978 1844 vero
994 1797 1008 1842 .·
1024 1798 1191 1844 novorum
1212 1775 1472 1843 doemoniorum
1492 1774 1545 1861 ui·

214 1881 317 1950 detor
333 1875 567 1950 denuntiator
584 1903 669 1968 esse,
685 1890 840 1967 δαιμονίων
865 1909 882 1945 «
907 1882 1011 1974 plane
1033 1889 1071 1950 ut
1095 1888 1252 1951 Socrates
1270 1904 1310 1950 ex
1328 1880 1545 1950 accusatione

213 1989 341 2072 Meleti,
358 1988 518 2078 Xenoph.
539 1978 676 2056 Memor.
700 1994 811 2072 1,1,1;
834 1988 929 2055 Plato
952 1990 1052 2079 Apol.
1077 1996 1137 2068 em
1163 2010 1276 2079 neque
1296 1978 1436 2056 fortuita
1459 1986 1545 2054 haec

213 2091 420 2174 similitudo;
443 2093 518 2185 ipse
541 2115 622 2161 usus
645 2094 794 2161 nominis
815 2105 849 2162 το
871 2101 1019 2179 δαιμόνιον
1041 2123 1085 2155 =
1107 2105 1122 2164 ὁ
1146 2102 1259 2179 δαίμων
1284 2093 1378 2185 (cum
1401 2092 1543 2183 proprie

198 2203 300 2267 'esset
313 2200 408 2268 velut
420 2210 455 2270 το
470 2197 565 2289 θεῖον)
578 2221 601 2267 a
616 2202 764 2268 Socratis
777 2199 955 2267 notissimo
967 2200 1149 2268 daemonio
1165 2198 1263 2267 llurit
1280 2226 1297 2262 ν
1314 2197 1413 2290 (Bb).
1428 2203 1468 2266 Et
1480 2219 1544 2265 cur

26 2320 33 2343 ι
113 2331 116 2337 ’
208 2303 395 2396 pereprina
408 2304 559 2373 numina
577 2304 618 2372 iis
636 2306 842 2373 annuntiare
861 2305 1030 2388 videatur,
1050 2304 1231 2397 exponitur
1247 2327 1255 2374 :
1270 2304 1356 2396 quio
1376 2305 1488 2372 Iesum
1508 2314 1543 2370 et

212 2413 494 2480 resurrectionem
507 2410 739 2480 onnrrntiaiot
754 2411 823 2497 eis,·
837 2417 947 2480 lesum
961 2420 995 2479 et
1006 2413 1185 2479 Anastasin
1195 2411 1379 2502 peregrina
1391 2431 1466 2478 esse
1478 2431 1542 2478 nu·

211 2515 308 2584 mina
337 2515 524 2607 putabant,
547 2518 725 2586 Anustasin
750 2516 853 2586 deam
886 2518 1062 2607 quandam
1087 2539 1159 2585 esse
1183 2516 1414 2585 existimantes
1442 2516 1538 2607 (oar.

212 2620 301 2691 Feta
324 2623 377 2691 Bt.
405 2621 561 2712 Wendc).
1316 2647 1321 2653 ·

255 2728 309 2795 Uti
332 2727 449 2795 Cicero
470 2728 592 2813 refert,
614 2730 813 2820 Epimenide
837 2734 933 2799 Crete
959 2732 1123 2799 suadente
1144 2729 1367 2798 Athenienses
1383 2729 1540 2797 iecerunt

210 2832 443 2902 Contumeliae
455 2835 626 2903 fanumst
638 2835 875 2926 Impudentiae
888 2838 947 2928 (de
960 2836 1096 2925 legibus
1111 2836 1218 2926 2,11).
1235 2840 1345 2915 Quare
1360 2834 1538 2902 Arasmin

208 2937 313 3007 etium
331 2944 511 3030 tamquam
534 2962 664 3009 numen
683 2942 858 3033 quoddam
879 2966 936 3011 eos
957 2944 1154 3034 concepisse
1171 2942 1272 3011 facile
1291 2939 1454 3010 creditur.
1471 2943 1537 3008 Cu-

207 3044 359 3114 riositate
371 3053 488 3115 autem
502 3045 686 3130 stimulati,
704 3048 787 3138 quid
803 3049 944 3117 tandem
960 3049 1159 3117 fabularum
1174 3047 1218 3117 de
1234 3047 1429 3139 peregrinis
1442 3046 1538 3116 hisce

207 3150 410 3219 numinibus
431 3153 636 3242 peregrinus
658 3154 810 3237 afferret,
827 3177 905 3222 eum
931 3154 1110 3222 adducunt
1130 3153 1168 3221 in
1187 3154 1303 3222 locum
1324 3152 1456 3221 editum
1475 3174 1537 3221 va·

207 3279 328 3341 cuum,
343 3261 382 3324 ut
399 3278 517 3326 coram
534 3259 651 3326 multis
666 3281 738 3326 rem
753 3282 850 3328 suam
864 3267 1014 3351 exponat
1028 3283 1061 3328 v.
1080 3266 1120 3326 19
1135 3272 1169 3327 et
1188 3258 1439 3351 apprehensum
1457 3280 1536 3328 eam
1582 3340 1587 3347 Ι

207 3369 418 3449 ἐπιὶονὸἐμενοι
446 3370 650 3448 9,2'1;eum
677 3368 785 3433 amice
813 3388 916 3434 manu
948 3365 1221 3458 prehendentes,
1249 3364 1299 3434 ud
1323 3386 1535 3456 areopagum
1650 3419 1656 3434 .

205 3468 380 3538 demetunt
400 3468 551 3539 dicentes
567 3493 580 3538 .·
591 3493 771 3561 possumus
784 3473 869 3540 scira
883 3498 972 3565 quoe
987 3487 1036 3542 est
1054 3474 1138 3542 baec
1152 3494 1241 3539 noan
1255 3494 1345 3563 qaae
1358 3494 1381 3540 a
1395 3484 1428 3539 te
1445 3470 1534 3539 dici·

208 3590 264 3645 tur
277 3574 463 3645 doctrina?
479 3597 549 3643 non
566 3577 619 3660 vi,
635 3599 705 3646 non
725 3578 770 3645 ad
790 3579 954 3647 iudicium
970 3602 1048 3648 eum
1066 3580 1214 3662 ducunt,
1231 3599 1301 3646 non
1320 3585 1359 3646 ut
1373 3582 1534 3646 accusent

206 3704 286 3754 eum
310 3702 429 3751 coram
451 3681 644 3767 iudicibus3
673 3683 731 3752 sed
759 3685 808 3751 uti
831 3708 869 3752 ex
889 3686 964 3775 ipsa
983 3686 1184 3775 quaestione
1203 3688 1299 3773 patet
1318 3689 1353 3751 et
1374 3686 1478 3751 Lucas
1495 3683 1532 3751 in

205 3810 240 3859 r.
262 3795 303 3857 21
327 3786 520 3857 clarissime
547 3778 694 3872 indicat,
715 3813 804 3858 nova
827 3792 1001 3883 quaedam
1024 3791 1069 3859 ab
1094 3813 1136 3860 eo
1158 3789 1280 3859 audire
1300 3789 1431 3858 volunt.
1452 3794 1532 3858 Erat

121 3958 124 3963 .
204 3899 320 3961 autem
335 3914 531 3985 areopagus
545 3895 639 3964 locus
661 3897 770 3964 editus
790 3905 825 3964 ct
848 3919 976 3965 vacuus
998 3898 1092 3966 iuxta
1115 3897 1244 3978 iorum,
1261 3895 1297 3965 in
1317 3917 1387 3986 quo
1403 3894 1531 3964 versari

204 3997 340 4067 solebat
360 3998 504 4082 Paulus3
537 4002 890 4071 «commodissimum
918 4010 991 4072 erat
1020 4004 1096 4073 loco
1122 4026 1231 4072 vacuo
1259 4004 1326 4084 uti,
1348 4000 1410 4068 ubi
1434 3999 1530 4090 quod

202 4105 306 4173 etiam
326 4103 445 4173 caedis
463 4105 593 4173 iudicia
616 4108 806 4198 antiquitus
826 4110 973 4193 fiebant,
994 4112 1145 4201 prolecto
1168 4109 1258 4177 nihil
1282 4108 1329 4175 ad
1347 4106 1438 4175 hauc
1456 4126 1530 4175 rem
1643 4154 1649 4163 -

202 4209 339 4312 attinet.
371 4210 503 4279 Attiuet
524 4211 682 4296 fortasse,
706 4215 800 4305 quod
821 4217 856 4283 in
880 4225 1066 4307 conspectu
1087 4215 1244 4307 proximo
1271 4218 1346 4281 erat
1368 4235 1428 4280 arx
1450 4234 1529 4280 cum

202 4317 490 4410 praeclarissimis
510 4324 664 4387 veterum
684 4322 896 4391 Athenarum
919 4322 1167 4401 mouumentis3
1183 4320 1245 4388 sed
1263 4320 1367 4387 huius
1383 4319 1433 4388 rei
1453 4340 1530 4388 nos-

203 4424 341 4516 metipsi
360 4427 702 4507 commoneiacimus,
722 4431 790 4496 n'on
813 4428 937 4498 Paulus
959 4450 1072 4521 neque
1094 4432 1214 4510 Lucas,
1232 4426 1293 4516 qui
1312 4427 1398 4495 haec
1416 4447 1528 4518 neque

203 4529 291 4599 scire
304 4553 417 4623 neque
435 4554 557 4601 curare
572 4532 708 4601 videtur
725 4561 740 4594 ν
762 4536 772 4623 l
805 4535 857 4626 l).
875 4540 942 4603 Cur
960 4557 1039 4604 eum
1056 4532 1176 4602 audire
1190 4532 1315 4616 velint,
1330 4532 1434 4602 etiam
1453 4533 1527 4625 plu·

205 4634 300 4706 ribus
314 4638 463 4709 efferunt
482 4663 514 4709 v.
530 4647 573 4709 20
592 4662 681 4710 noco
697 4642 789 4709 enim
808 4641 979 4732 quaedam
999 4647 1147 4724 ξενίζοντα
1164 4640 1188 4715 i.
1211 4661 1241 4708 c.
1256 4662 1345 4732 quae
1360 4661 1424 4709 sua
1436 4641 1528 4709 inso-
