4128 5442
1030 382 1103 427 scr.
1121 364 1267 436 83821.
1426 410 1429 417 ,
1766 365 1804 423 75

472 518 616 586 modum
639 538 680 583 ac
702 513 834 583 bonum
856 518 1122 607 praeparatum,
1146 533 1218 579 non
1241 511 1354 601 potuit
1379 499 1448 578 non
1468 532 1539 579 esse
1560 520 1805 597 argumentum

474 647 622 713 magnae
646 620 893 690 consolationis
916 626 950 688 et
972 617 1134 686 fiduciae.
1153 622 1239 685 Nam
1261 639 1341 686 oum
1362 617 1503 685 notione
1526 615 1663 685 Messias
1685 617 1806 687 intime

471 732 634 818 iungitur
647 726 745 794 notio
768 728 882 818 pacis,
903 723 1080 792 felicitatis
1097 746 1269 807 summae,
1288 724 1435 812 gloriae.
1458 728 1542 814 Spes
1564 724 1682 813 itaque
1705 745 1807 812 prae-

472 837 567 906 clara
584 834 627 900 iis
648 832 845 902 exhibetur.
861 837 904 900 Αῖ
918 829 1024 898 simul
1042 830 1202 899 innuitur
1218 854 1281 922 per
1294 830 1536 899 tribulationes
1554 852 1595 897 ac
1614 829 1728 897 varias
1741 830 1807 896 mi·

471 942 576 1009 serias
597 940 642 1006 ad
657 939 798 1009 beatum
815 940 916 1008 illum
937 937 1044 1005 finem
1058 960 1130 1027 esse
1145 937 1370 1006 tendendum.
1384 941 1472 1005 Nam
1491 936 1554 1003 ilfa
1574 941 1733 1025 tempora
1753 936 1807 1001 fu-

471 1054 549 1113 tura
562 1044 727 1115 dicuntur
741 1043 981 1131 refrigerium
997 1043 1092 1112 unde
1104 1043 1229 1111 merito
1243 1045 1398 1111 inferunt
1411 1049 1547 1134 tempus
1562 1041 1807 1109 intermedium

470 1151 646 1241 designari
667 1158 847 1241 tanrqoam
871 1156 1009 1242 tempus
1032 1155 1147 1217 aestus
1167 1171 1208 1216 ac
1232 1148 1393 1217 laborum
1413 1154 1447 1217 et
1464 1148 1622 1217 dolorum
1646 1147 1704 1240 (cf.
1725 1147 1804 1216 Otr.

474 1262 553 1327 Occ.
569 1257 696 1346 Solm.)
715 1258 739 1323 i.
757 1279 788 1326 ο.
805 1257 992 1348 periodum
1011 1261 1211 1325 terrestrem
1229 1257 1330 1342 regni
1343 1254 1503 1322 messiani
1517 1256 1567 1323 ita
1580 1253 1805 1338 conformari,

470 1371 509 1433 nt
523 1370 681 1453 tempora
695 1363 873 1450 refrigerii
894 1362 1039 1433 summis
1058 1361 1146 1431 votis
1164 1361 1235 1428 sint
1255 1359 1462 1453 exoptanda.
1478 1399 1524 1411 -
1536 1360 1654 1451 Aliqui
1672 1364 1807 1450 tempus

373 1535 384 1552 ,
469 1468 646 1557 refrigerii
661 1464 838 1539 et'Christi
852 1469 1039 1537 adventum
1059 1470 1213 1537 referunt
1230 1466 1275 1534 ad
1289 1465 1455 1535 iudicium
1472 1466 1567 1556 quod
1580 1466 1731 1534 Christus
1745 1488 1808 1555 per

471 1582 642 1646 Romanos
663 1575 700 1643 in
723 1576 847 1643 urbem
871 1580 907 1644 et
927 1580 1069 1664 gentem
1088 1574 1264 1643 iudaicam
1282 1573 1460 1641 infidelem
1481 1572 1650 1657 exercuit,
1668 1595 1738 1663 quo
1752 1573 1807 1639 iu-

470 1682 561 1749 dicio
577 1679 822 1749 christifideles
841 1704 863 1749 a
881 1682 1121 1750 vexationibus
1135 1680 1343 1750 ludaeorum
1358 1679 1509 1771 quietem
1531 1686 1566 1747 et
1586 1677 1808 1766 refrigerium

363 1866 372 1879 Ι
415 1790 418 1796 “
472 1789 564 1855 nacti
591 1788 661 1857 sint
690 1787 749 1877 (cf.
774 1791 853 1857 Oec.
878 1787 1029 1879 Theoph.
1045 1791 1134 1880 Lep.
1161 1786 1303 1877 calm).
1321 1791 1445 1855 Verum
1468 1786 1535 1853 hoc
1558 1783 1808 1877 aproprietate

472 1895 659 1962 verborum
673 1894 828 1963 alienum
849 1898 948 1962 estet
967 1895 1140 1963 refutatur
1155 1892 1271 1961 statim
1284 1895 1323 1960 in
1337 1916 1371 1961 r.
1388 1899 1443 1975 21,
1460 1914 1529 1983 qno
1547 1893 1639 1960 claro
1652 1892 1808 1960 enuntia·

471 2007 540 2083 tur,
555 1999 696 2090 quando
713 1999 867 2068 Christus
880 2023 900 2067 e
914 2000 1010 2068 coelo
1026 1998 1215 2069 mittendus
1236 2000 1280 2066 sit
1295 2021 1329 2068 v.
1347 2003 1506 2089 tiquam
1524 2009 1656 2088 oportet
1668 1997 1809 2089 quidem

471 2104 606 2173 coelum
631 2104 804 2196 suscipere
818 2107 844 2175 i.
865 2129 897 2175 e.
914 2105 1081 2197 proprius
1101 2107 1226 2174 Christi
1245 2104 1525 2203 commorationis
1546 2103 1642 2172 locus
1664 2112 1715 2171 est
1733 2126 1809 2171 coe·

472 2210 562 2296 lum,
582 2234 695 2302 neque
714 2211 904 2281 mittendus
922 2216 975 2280 est
987 2211 1140 2281 secunda
1158 2213 1234 2280 vioe
1253 2212 1289 2279 in
1304 2216 1451 2290 terram;
1472 2211 1534 2279 sed
1546 2232 1686 2278 manere
1705 2209 1808 2277 debet

472 2319 510 2385 in
530 2317 643 2400 coelo,
663 2340 772 2409 usquc
797 2317 837 2384 ia
867 2329 1025 2410 temporo
1046 2317 1280 2388 restitutionis
1305 2317 1480 2406 omnium,·
1499 2318 1528 2386 si
1549 2317 1637 2385 haec
1658 2316 1807 2384 advene-

473 2423 561 2509 rint,
581 2429 666 2492 tunc
685 2423 815 2492 ecoelo
828 2423 959 2492 redibit
981 2424 1109 2493 iterum
1128 2426 1166 2493 in
1181 2429 1329 2506 terram;
1348 2423 1439 2492 unde
1457 2424 1494 2491 in
1513 2424 1580 2492 hoo
1604 2424 1679 2514 ipso
1699 2444 1807 2511 usque

474 2529 553 2599 in...
568 2530 676 2599 habes
699 2530 953 2622 oppositionem
977 2531 1023 2599 ad
1043 2530 1134 2599 illud
1158 2541 1212 2617 μέν
1229 2529 1400 2622 -quidcm,·
1421 2538 1467 2600 δεῖ
1487 2529 1614 2599 dicitur
1627 2529 1671 2597 de
1690 2551 1807 2597 neces·

473 2637 571 2703 sitate
586 2637 704 2705 divino
719 2637 859 2705 decreto
875 2637 1062 2706 constituta
1074 2643 1108 2707 et
1121 2660 1144 2706 a
1154 2637 1333 2728 prophetis
1347 2634 1525 2728 praedicta
1540 2634 1651 2728 (Bl.)..

518 2741 667 2810 Verbum
696 2743 878 2812 restituere
902 2747 1137 2814 ἀποκαθιστάναι
1164 2742 1292 2812 dicitur
1314 2743 1358 2811 de
1380 2744 1573 2826 sanatione,
1594 2742 1808 2810 restitutione

471 2850 660 2917 sanationis
681 2850 797 2917 Matth.
825 2856 941 2934 1213,
966 2855 1066 2919 tiore.
1090 2857 1168 2936 3,5;
1193 2855 1286 2935 835,
1308 2854 1386 2916 tino.
1408 2856 1505 2934 6,10;
1531 2848 1657 2916 dicitur
1674 2848 1716 2916 de
1739 2849 1810 2916 Elia

474 2954 536 3045 qui
557 2961 724 3024 venturus
745 2961 795 3023 cst
812 2961 848 3025 et
869 2957 1028 3025 restituet
1049 2956 1167 3025 omnia
1189 2957 1305 3025 ttatth.
1327 2955 1553 3039 1t,11.11nde
1573 2958 1810 3036 ἀποκατάστασις

474 3061 647 3144 omnium,
664 3084 755 3152 quac
774 3061 913 3130 locutus
934 3073 984 3129 est
1003 3066 1096 3130 Deus
1114 3084 1180 3154 per
1200 3082 1237 3131 os
1255 3075 1453 3131 sanctorum
1473 3083 1615 3129 suorum
1631 3084 1654 3128 o
1673 3060 1810 3127 soeculo

467 3166 717 3259 prophetorum
731 3167 827 3236 idem
848 3174 917 3252 est,
934 3174 1040 3260 atque
1060 3173 1185 3237 cuncta
1203 3191 1292 3259 quae
1310 3191 1332 3236 a
1348 3169 1527 3260 prophetis
1546 3166 1712 3258 promissa
1731 3175 1812 3234 sunt

473 3278 549 3342 tum
571 3274 712 3363 demum
733 3275 913 3362 integrum
932 3296 974 3343 ac
991 3276 1183 3366 perfectum
1205 3274 1397 3344 sortiuntur
1414 3275 1588 3357 effectum3
1605 3280 1679 3342 tum
1694 3273 1809 3341 omnia

474 3379 535 3447 illa
558 3381 594 3448 in
616 3386 706 3448 statu
732 3380 996 3449 reconditione
1022 3381 1178 3472 perfecta
1202 3381 1434 3465 restituentur,
1460 3403 1551 3471 quae
1581 3402 1731 3470 eousque
1755 3380 1809 3447 iu-

474 3486 656 3554 choatione
679 3486 831 3578 quadam
850 3493 886 3555 ct
908 3487 1173 3578 imperfectione
1196 3487 1425 3556 habebantur.
1447 3492 1611 3555 Servatur
1632 3485 1728 3554 notio
1756 3509 1807 3552 re-

472 3591 683 3680 stitutionis,
700 3592 756 3660 vel
774 3591 1012 3661 translationis
1025 3592 1063 3661 in
1077 3615 1206 3662 nouum
1217 3599 1359 3673 statum,
1376 3592 1411 3660 in
1431 3615 1499 3683 qua
1513 3593 1611 3684 prior
1624 3598 1733 3661 status
1747 3592 1807 3659 de-

373 3776 375 3781 ,
470 3699 577 3767 terior
596 3706 794 3767 removetur
816 3700 874 3788 (cf.
895 3699 982 3790 απο);
1008 3721 1117 3789 quare
1140 3700 1231 3768 illud
1256 3696 1296 3768 ὧν
1319 3705 1411 3767 recte
1436 3699 1584 3767 refertur
1605 3699 1650 3766 ad
1672 3704 1804 3782 πάντων,

474 3827 587 3896 neque
598 3827 684 3896 opus
692 3811 742 3874 est
751 3804 841 3875 illud
856 3807 986 3874 referre
997 3806 1044 3874 ad
1057 3813 1187 3896 χρῖνους
1202 3807 1296 3898 (cnm
1309 3803 1400 3875 sect.
1412 3804 1500 3874 Felt.
1526 3805 1651 3875 Wendt
1660 3811 1761 3873 antea
1772 3806 1807 3871 in

472 3910 529 3979 ed.
546 3917 689 3994 5,1880;
707 3910 769 3979 sed
783 3917 871 3980 1888
885 3911 1014 4002 aliter).
1031 3917 1096 3982 Per
1112 3914 1302 4005 propbetas
1322 3912 1408 3980 olim
1426 3912 1471 3980 ab
1490 3914 1633 4003 antiquo
1653 3918 1807 4002 tompore

475 4023 560 4085 Deus
591 4017 797 4108 promiserat
829 4040 867 4087 se
895 4039 968 4087 esse
998 4023 1107 4088 Deum
1136 4018 1298 4101 foederis,
1319 4017 1483 4086 daturum
1510 4018 1806 4101 benedictionem,

474 4145 596 4214 paoem
618 4123 676 4213 (of.
698 4129 781 4192 Gen.
803 4128 902 4207 9363
929 4129 1026 4207 1233
1045 4130 1165 4209 18,18;
1187 4124 1323 4214 to,1o);
1344 4124 1431 4207 imo,
1447 4131 1487 4193 ut
1507 4124 1609 4194 ludas
1630 4148 1691 4192 nos
1710 4125 1809 4192 docet

474 4229 511 4297 in
535 4229 680 4322 epistola
703 4252 738 4298 v.
763 4234 804 4297 1t
827 4228 900 4298 iam
924 4232 1093 4322 septimus
1116 4231 1162 4299 ab
1188 4231 1297 4300 Adam
1319 4232 1432 4299 Enoch
1454 4231 1676 4323 prophetavit
1699 4253 1708 4300 :
1733 4253 1809 4299 cece

474 4338 568 4403 venit
588 4334 753 4404 Dominus
768 4335 807 4404 in
820 4338 949 4404 sanctis
964 4336 1121 4405 millibus
1141 4337 1213 4406 suis
1233 4338 1346 4407 facere
1363 4336 1550 4422 iudicium;
1570 4361 1675 4428 porro
1691 4337 1809 4423 imago

473 4440 536 4510 illa
559 4464 714 4511 summae
735 4441 830 4534 pacis
848 4464 890 4511 ac
911 4441 1086 4512 felicitatis
1107 4465 1217 4536 quam
1234 4445 1425 4536 prophetae
1444 4443 1488 4512 de
1508 4466 1619 4533 regno
1638 4444 1807 4512 messiano

473 4547 637 4616 exhibent
666 4549 760 4617 hisce
785 4549 823 4616 in
854 4549 958 4618 terris
990 4549 1103 4619 solum
1139 4551 1340 4642 imperfecta
1369 4549 1519 4641 quadam
1543 4550 1807 4619 adumbratione

475 4654 510 4719 in
540 4653 699 4723 effectum
724 4653 921 4724 deducitur.
946 4660 1061 4724 Restat
1086 4657 1222 4749 itaque,
1245 4662 1286 4726 ut
1312 4657 1375 4725 illa
1399 4657 1515 4725 omnia
1539 4679 1580 4725 ex
1606 4657 1806 4725 conditionc

474 4760 674 4851 imperfecta
698 4768 733 4830 et
769 4782 895 4830 manca
923 4761 1152 4832 restituantur
1175 4764 1213 4832 in
1238 4769 1365 4834 statum
1392 4764 1598 4855 perfectum3
1616 4764 1660 4835 cf.
1682 4769 1724 4833 ts.
1749 4772 1803 4848 85,
