4092 5490
944 408 946 413 “
1067 417 1132 460 aar.
1159 399 1317 470 tata-17.
1700 394 1703 399 ’
1797 401 1857 462 263

528 551 608 631 b'us3
632 552 705 620 eius
723 551 817 620 enim
841 548 1043 630 auctoritas,
1070 551 1190 636 utpote
1221 545 1308 633 legis
1334 544 1642 628 observantissimi,
1663 547 1853 636 plurimum

528 658 665 727 valebat
678 657 772 748 apud
782 654 1013 733 iudaizantes;
1031 658 1105 720 erat
1125 653 1229 719 simul
1250 651 1430 742 episcopos
1448 651 1521 718 eius
1542 650 1704 718 ecclesiae
1729 654 1764 719 in
1786 677 1855 744 qua

527 770 715 833 conventus
734 758 931 828 habebatur
953 760 1011 848 (cf.
1027 758 1187 849 Cornelis,
1206 758 1334 827 lntrod.
1353 763 1438 826 1112.
1461 757 1517 825 ed.
1535 780 1570 848 p.
1587 764 1650 824 600
1670 757 1779 847 seq.);
1801 757 1855 824 lo·

526 865 801 960 quitursecundo
812 866 888 932 loco
897 864 1140 950 nihilominus3
1152 866 1252 956 proin
1262 872 1399 934 Petrum
1413 865 1606 955 principem
1621 863 1853 954 apostolorum

525 974 629 1042 etiam
650 994 691 1040 ea
709 972 746 1039 in
761 994 799 1040 re
817 972 920 1040 facile
935 972 1064 1039 videris
1079 971 1230 1059 agnosci.
1241 966 1334 1061 'Apte
1350 971 1503 1059 loquitur
1523 975 1598 1060 post
1616 970 1852 1039 narrationem

523 1079 702 1147 Barnabae
716 1084 751 1147 et
770 1077 886 1161 Pauli,
903 1100 944 1145 ex
964 1099 1033 1167 qua
1052 1077 1183 1145 discere
1202 1082 1363 1168 poterant
1375 1074 1590 1145 iudaizantes
1604 1097 1694 1164 quae
1714 1076 1797 1141 olim
1815 1075 1853 1142 in

524 1185 677 1253 Cornelio
702 1189 813 1254 essent
831 1184 923 1251 iacta
951 1183 1054 1251 etiam
1067 1182 1105 1249 in
1123 1183 1286 1269 gentibus
1303 1188 1371 1250 Deo
1394 1190 1558 1272 operante
1576 1181 1746 1263 evenisse3
1769 1178 1852 1247 inde

521 1293 600 1359 satis
615 1289 843 1359 demonstrari
862 1289 922 1355 Dei
939 1287 1166 1355 voluntatem.
1184 1287 1295 1371 Hisce,
1316 1286 1385 1355 nisi
1401 1286 1510 1354 velint
1527 1309 1599 1355 esse
1618 1293 1849 1370 contumaces,

478 1442 485 1454 -
520 1396 609 1465 hene
627 1400 726 1465 crant
745 1393 859 1486 parati
877 1393 923 1461 ad
937 1393 1144 1462 doctrinam.
1689 1407 1696 1424 ·

565 1500 791 1569 Summaeius
805 1500 971 1568 orationis
987 1501 1075 1569 haec
1085 1506 1153 1568 est:
1171 1499 1266 1590 quod
1279 1500 1397 1568 Simon
1409 1510 1446 1567 re
1455 1503 1552 1588 gesta
1572 1496 1740 1581 ostendit,
1755 1497 1849 1569 idem

519 1630 540 1675 a
554 1606 731 1697 prophetis
741 1607 811 1673 iam
825 1611 878 1674 est
891 1606 1103 1689 indicatum3
1119 1628 1225 1695 quare
1246 1610 1365 1693 gentes
1378 1627 1448 1673 non
1462 1611 1542 1672 sunt
1556 1603 1769 1689 onerandas,
1788 1604 1850 1673 sed

519 1735 587 1803 quo
619 1712 866 1781 commercium
894 1734 975 1780 cum
1006 1711 1056 1780 eis
1089 1711 1188 1779 nobis
1222 1712 1355 1779 ludaeis
1382 1711 1519 1779 facilius
1548 1710 1731 1794 reddatur,
1760 1731 1849 1798 gena

517 1825 568 1887 tes
582 1842 603 1887 a
617 1818 824 1910 quibusdam
843 1819 999 1905 gentium
1023 1817 1181 1885 moribus
1205 1816 1334 1886 debent
1356 1817 1544 1899 abstinere;
1574 1840 1607 1886 v.
1637 1823 1676 1885 13
1706 1831 1739 1885 et
1752 1828 1850 1908 post·

518 1947 623 2015 quom
642 1935 840 2006 tacuerunt,
857 1924 956 2014 loqui
975 1930 1170 2010 cessarunt,
1199 1922 1375 2015 respondit
1394 1927 1538 1993 Iacobus
1563 1946 1604 1992 er
1625 1945 1688 1991 sua
1708 1946 1847 2014 quoque

517 2036 614 2121 parte
628 2030 675 2098 ad
693 2032 927 2121 quaestionem
945 2031 1113 2117 agitatam
1133 2053 1166 2098 v.
1185 2038 1218 2114 7,
1241 2030 1356 2098 dicens
1374 2054 1388 2099 .·
1405 2030 1474 2099 viri
1483 2031 1625 2119 fratrea,
1640 2027 1760 2097 audite
1778 2051 1862 2115 me,

516 2158 548 2202 v.
565 2143 606 2204 rt
620 2138 741 2204 Simon
759 2136 930 2220 narravit,
953 2141 1057 2204 Lucas
1081 2159 1122 2203 eo
1143 2136 1284 2204 nemine
1303 2136 1342 2203 in
1361 2142 1433 2204 Act.
1451 2138 1559 2204 utitur
1570 2137 1680 2206 adum
1698 2134 1845 2202 aliorum

514 2263 687 2309 sermones
700 2241 853 2309 referens
869 2241 976 2331 (10‚5.
1003 2247 1057 2309 17.
1077 2248 1130 2311 18.
1153 2249 1213 2318 32;
1239 2242 1373 2332 11,13);
1392 2241 1535 2309 lacobus
1554 2261 1681 2308 nemen
1700 2240 1846 2308 adhibet

514 2345 550 2414 in
566 2347 652 2415 urhe
662 2347 753 2415 inter
772 2347 915 2416 ludaeos
928 2347 984 2414 vel
1000 2347 1101 2415 unice
1118 2346 1172 2414 vel
1187 2348 1300 2436 magis
1318 2354 1451 2430 notum,
1469 2345 1762 2438 quemadmodum
1771 2345 1845 2436 pri·

514 2475 607 2520 mum
623 2457 715 2522 Deus
731 2452 886 2533 visitavit
900 2463 1085 2540 ἐπεσκέψατο
1100 2456 1290 2544 prospexit,
1305 2454 1454 2539 curavit,
1473 2475 1607 2522 sumere
1625 2476 1669 2521 ex
1684 2453 1845 2543 pentibus

506 2560 679 2650 populum
696 2559 834 2628 nomini
849 2582 912 2627 sito
924 2559 949 2627 i.
970 2581 1002 2627 e.
1024 2559 1091 2627 sibi
1115 2560 1303 2628 adsciscere
1319 2582 1359 2628 ex
1376 2560 1539 2647 gentibus
1553 2559 1741 2650 populum,
1759 2558 1843 2626 dici·

512 2671 569 2731 tur
582 2665 713 2732 nemini
728 2686 790 2734 suo
807 2665 831 2733 i.
849 2687 880 2733 a.
905 2665 988 2749 sibi,
1010 2687 1071 2733 suo
1094 2665 1218 2748 cultui,
1240 2687 1321 2733 suae
1336 2665 1378 2732 de
1397 2687 1433 2733 se
1450 2664 1670 2748 revelationi3
1693 2663 1842 2753 populus

511 2769 603 2838 enim
624 2769 684 2838 Dei
704 2770 733 2838 is
748 2769 877 2837 dicitur
896 2792 1002 2860 super
1020 2792 1126 2860 quem
1144 2770 1343 2839 invocatum
1369 2776 1420 2838 est
1441 2792 1571 2838 nomen
1591 2768 1726 2838 Domini
1746 2768 1840 2859 (vide

511 2875 553 2943 de
573 2876 713 2944 notione
727 2876 876 2944 nominis
892 2876 938 2943 ad
952 2878 1068 2944 Matth.
1085 2877 1170 2967 aa).
1188 2882 1225 2944 ln
1242 2878 1331 2945 Petri
1346 2879 1544 2945 narratione
1554 2876 1706 2944 cernitur
1717 2875 1841 2943 medua

511 3004 580 3073 quo
597 2986 685 3049 Deus
705 2982 924 3073 exgentibus
949 2988 1048 3051 vocet
1068 2982 1114 3050 ad
1138 2983 1308 3074 populum
1322 2984 1471 3051 nominis
1491 2984 1565 3065 sui3
1582 2982 1657 3050 scil.
1678 2981 1751 3050 sine
1771 2983 1840 3049 cir-

454 3147 458 3154 .
510 3088 735 3170 cumcisione;
760 3086 855 3155 idem
876 3087 946 3154 iam
971 3088 1007 3154 in
1029 3088 1218 3179 prophetiis
1237 3089 1447 3173 continetur3
1461 3111 1494 3158 v.
1520 3097 1560 3156 15
1578 3101 1611 3156 et
1624 3086 1711 3156 -lzttic
1732 3088 1836 3157 modo

511 3193 695 3261 vocationis
707 3191 918 3261 concordant
934 3195 1036 3261 cerdo
1057 3194 1318 3284 prophetorum,
1345 3196 1433 3263 sicat
1450 3195 1618 3287 scriptam
1636 3205 1686 3263 est
1704 3215 1718 3260 .·
1739 3217 1772 3262 v.
1797 3201 1837 3263 16

501 3311 582 3390 post
599 3298 683 3367 daec
697 3311 890 3367 reverteret
904 3299 1130 3389 reaedificabo
1146 3302 1406 3371 tabernaculum
1430 3301 1544 3370 David
1554 3302 1649 3392 qatod
1659 3299 1789 3368 decidit
1804 3314 1838 3369 ct

507 3403 624 3472 diruto
650 3404 725 3473 eius
752 3403 976 3495 reaedificabo
996 3417 1030 3473 et
1053 3407 1188 3498 eriqom
1216 3408 1324 3490 illud,
1343 3415 1416 3476 hm.
1443 3406 1542 3491 9,ii;
1570 3406 1835 3475 tabernaculum

507 3510 613 3579 David
626 3511 777 3580 concidit
790 3533 900 3599 regno
915 3513 1053 3580 iudaico
1077 3535 1141 3604 per
1157 3515 1470 3583 Nabuchodonosor
1488 3514 1677 3594 destructo3
1695 3513 1835 3603 praedi-

506 3618 594 3686 citur
615 3617 822 3704 erigcndum
836 3624 996 3709 tempore
1012 3620 1181 3687 messiano
1201 3644 1264 3710 per
1276 3620 1426 3689 Messinm
1445 3620 1506 3710 qui
1525 3624 1711 3711 propterea
1729 3618 1836 3686 David

506 3723 702 3814 appellatur
716 3724 774 3812 (ci.
798 3727 861 3792 Ier.
888 3730 989 3806 23‚5;
1013 3733 1129 3807 33,15.
1149 3732 1204 3795 ΕΖ.
1228 3734 1340 3808 ΜΞ.
1358 3734 1418 3807 233
1445 3733 1566 3809 21,27;
1583 3726 1717 3815 atach
1741 3725 1835 3794 unde

505 3830 648 3916 angelus
660 3850 799 3920 quoque
812 3829 857 3897 ad
871 3829 1012 3897 Mariam
1024 3831 1110 3899 dixit
1122 3854 1129 3900 :
1143 3833 1240 3901 dabit
1251 3834 1302 3901 ilii
1317 3833 1478 3902 Dominus
1497 3836 1584 3900 Deus
1597 3831 1714 3899 sedem
1727 3830 1834 3899 David

504 3935 610 4024 patris
628 3933 703 4002 eius
721 3941 755 4002 et
766 3935 930 4023 regnabit
942 3936 981 4004 in
993 3937 1097 4005 domo
1111 3940 1213 4006 Iacob
1224 3939 1262 4007 in
1277 3944 1454 4007 aeternum
1471 3939 1564 4028 (Luc.
1594 3936 1700 4027 hta).

548 4038 634 4118 Quid
645 4062 727 4108 vero
742 4062 821 4108 cum
835 4043 902 4110 hac
916 4045 1086 4111 erectione
1101 4046 1316 4114 tabernaculi
1329 4045 1450 4127 David,
1468 4064 1547 4112 cum
1559 4049 1713 4134 tempore
1724 4043 1834 4131 igitur

503 4147 671 4215 messiano
690 4153 725 4215 et
738 4167 818 4215 cum
831 4168 935 4237 opere
948 4151 1085 4218 Messiae
1100 4174 1141 4219 ex
1160 4153 1219 4220 Dei
1234 4151 1376 4220 consilio
1389 4158 1424 4219 et
1438 4152 1614 4219 voluntate
1630 4150 1831 4219 immediate

502 4251 745 4340 coniungatur,
772 4252 970 4340 assignatur
993 4264 1125 4337 avate;
1150 4281 1182 4323 v.
1206 4264 1248 4325 17
1267 4271 1305 4326 at
1328 4258 1508 4349 requirant
1529 4257 1636 4326 ceteri
1651 4255 1831 4324 tantinum

502 4358 690 4426 Donzirtrtm
708 4372 739 4427 et
768 4381 886 4426 omnes
904 4373 1024 4450 pentes
1038 4384 1141 4453 super
1159 4387 1246 4454 quas
1261 4366 1458 4433 invocatum
1477 4377 1528 4431 est
1547 4385 1673 4431 aetiten
1695 4370 1828 4449 areum,

502 4462 587 4532 dicit
601 4466 765 4533 Dominus
776 4463 912 4554 socians
927 4465 1031 4553 hoec,
1041 4469 1126 4556 haec
1141 4471 1259 4560 itaque
1272 4478 1320 4538 est
1332 4472 1391 4539 [tei
1404 4471 1562 4539 voluntas
1575 4473 1730 4560 tempore
1740 4490 1830 4536 mes·

501 4571 608 4653 siano,
630 4577 669 4638 ut
687 4571 789 4639 ceteri
799 4595 936 4663 queque
951 4573 1134 4642 homiuum
1150 4583 1285 4665 praeter
1300 4577 1441 4646 ludaeos
1457 4576 1501 4644 ad
1518 4575 1579 4644 Dei
1595 4574 1829 4663 cognitionem

501 4680 535 4743 et
553 4675 684 4743 cultum
701 4677 798 4745 omni
813 4679 977 4747 studiose
996 4680 1176 4765 addicant,
1194 4689 1234 4752 ut
1251 4683 1287 4750 id
1300 4684 1430 4752 faciant
1448 4705 1568 4752 omnes
1585 4688 1722 4771 gentes,
1741 4703 1830 4771 quae

500 4782 570 4850 iam
584 4782 731 4873 populus
745 4785 804 4852 Dei
820 4785 994 4855 vocandae
1008 4787 1078 4855 siut
1089 4794 1174 4856 eteo
1186 4789 1289 4859 titulo
1308 4786 1474 4880 peculiari
1491 4789 1551 4859 Dei
1569 4788 1782 4879 protectione
1796 4795 1832 4856 et
