4154 5452
1073 398 1140 443 aar.
1154 382 1259 473 bati.
1609 396 1611 400 “
1768 385 1826 445 tta

500 533 636 624 (decl),
658 532 702 599 de
726 531 871 620 publica
892 530 1092 624 precatione
1115 528 1218 596 etiam
1239 529 1410 619 explicant
1432 526 1540 596 Calm.
1559 530 1653 598 Pulr.
1672 531 1729 618 (et.
1749 540 1824 615 3,1;

502 647 615 724 rata.
639 639 694 729 16)
720 637 810 707 Felt.
834 646 870 707 et
894 637 1017 706 merito
1043 634 1198 725 quidem.
1220 635 1345 704 Dicunt
1366 656 1427 701 uos
1447 636 1740 725 perseverabimus
1765 639 1823 727 (cl.

501 748 595 837 aaa)
625 758 929 835 πρεσκαρτερήσομεν
965 741 1103 809 assidue
1133 742 1265 811 addicti
1296 740 1441 823 erimus3
1467 763 1537 831 qua
1566 741 1695 809 ratione
1723 744 1827 811 simul

499 857 686 922 connotant
703 874 860 942 eousque
878 868 999 916 curam
1021 870 1119 915 suam
1140 855 1175 917 et
1193 871 1335 940 operam
1357 849 1479 916 iisdem
1500 846 1720 939 impendisse.
1736 850 1829 916 Facit

500 961 558 1027 hie
571 958 675 1027 Dion.
692 957 963 1050 applicationem
982 975 991 1022 ε
1017 983 1033 1017 «
1051 955 1227 1026 catinam
1245 956 1390 1047 praelati
1408 956 1472 1022 ista
1491 955 1725 1037 attenderent,
1744 977 1828 1044 quo·

499 1087 579 1133 rum
599 1064 670 1134 iam
687 1066 805 1156 plures
823 1061 1020 1153 plusquam
1037 1067 1190 1153 oportet,
1207 1061 1306 1129 decet
1324 1069 1384 1129 aut
1397 1061 1493 1143 licet,
1515 1062 1605 1130 cirea
1624 1061 1828 1152 temporalia

500 1178 714 1264 occupantur
729 1199 745 1232 a
761 1176 827 1238 ete.
845 1173 880 1235 et
892 1146 1003 1237 Saliae
1020 1168 1190 1236 similiter.

513 1364 516 1370 Ι
544 1279 642 1360 Quod
675 1274 824 1367 apostoli
856 1280 1125 1366 proposuerunt,
1151 1294 1270 1340 omnes
1294 1273 1493 1364 approbant
1517 1297 1550 1341 v.
1577 1282 1596 1342 5
1628 1288 1660 1343 et
1692 1275 1827 1366 placuit

499 1406 608 1453 sermo
627 1381 686 1449 hic
704 1402 833 1463 sermo,
851 1382 915 1469 gig
932 1403 1048 1449 cerem
1069 1379 1166 1446 omui
1186 1376 1412 1446 multitudiue
1434 1384 1468 1447 et
1489 1380 1563 1447 iure
1584 1380 1649 1447 sibi
1671 1403 1827 1450 concesso

499 1495 644 1558 utuntur
663 1500 696 1555 et
710 1482 889 1578 cleperent
902 1486 1118 1578 Steplteuum
1132 1484 1245 1552 uirum
1254 1469 1402 1576 pleuuiu
1413 1484 1483 1575 sicle
1497 1499 1530 1552 et
1546 1486 1680 1576 Spiritu
1694 1500 1824 1573 cauete,

500 1597 561 1686 qui
582 1595 648 1663 hoc
663 1593 823 1662 encomio
841 1593 1040 1662 declaratur
1054 1593 1138 1683 prae
1160 1592 1304 1683 reliquis
1318 1591 1501 1660 eminuisse
1516 1592 1676 1659 firmitate
1693 1591 1774 1660 fidei
1794 1600 1828 1659 et

498 1700 733 1789 intelligentia
756 1700 935 1769 doetrinae
959 1700 1082 1767 Christi
1099 1707 1133 1767 et
1154 1699 1253 1767 donis
1273 1699 1419 1791 Spiritus
1440 1698 1548 1766 sancti
1572 1700 1609 1766 in
1632 1721 1669 1767 se
1691 1699 1826 1790 conspi-

500 1808 587 1892 euis;
605 1809 649 1878 ei.
666 1831 700 1876 v.
719 1813 826 1898 8seq.
844 1819 879 1875 ct
893 1805 1112 1897 Philippum,
1130 1807 1174 1874 ct.
1193 1811 1250 1888 8‚5
1266 1829 1338 1896 seq.
1356 1818 1389 1873 el
1403 1805 1614 1873 Procloium
1628 1818 1661 1874 et
1674 1805 1827 1874 Nicano-

499 1938 572 1983 rem
590 1926 624 1983 et
642 1914 822 1982 Timonem
842 1924 876 1980 et
894 1915 1104 1980 Parmeuum
1118 1925 1151 1979 et
1165 1911 1353 1979 Nicolaum
1372 1912 1540 1980 advenum
1554 1922 1742 2000 προσήλυτον
1757 1916 1827 1980 Au·

500 2020 717 2107 tiocleuum;
734 2041 814 2087 cum
838 2018 895 2085 hie
916 2018 1008 2086 solus
1031 2018 1231 2104 alienigena
1255 2016 1394 2085 dicatur
1408 2018 1469 2107 qui
1491 2017 1652 2104 religioni
1669 2017 1826 2086 iudaicae

499 2133 600 2195 antea
626 2146 757 2193 nomen
780 2123 941 2208 dederat,
965 2124 1091 2213 reliqui
1112 2144 1232 2191 omnes
1255 2123 1418 2191 censendi
1441 2127 1522 2190 sunt
1539 2124 1675 2211 origine
1695 2124 1824 2193 ludaei.
1908 2128 1910 2132 ”

499 2234 644 2300 Nomina
671 2252 799 2318 graeca
821 2239 919 2312 sunt;
944 2241 1088 2297 erantne
1105 2230 1215 2316 igitur
1237 2251 1356 2297 omnes
1375 2229 1598 2297 Hellenistae?
1621 2253 1663 2298 ex
1681 2230 1828 2298 nomini·

500 2338 564 2406 bus
579 2337 617 2405 id
638 2338 757 2429 utique
774 2358 844 2405 non
864 2337 1032 2427 sequitur,
1049 2358 1131 2404 nam
1153 2337 1333 2427 Philippus
1351 2336 1541 2426 apostolus,
1559 2335 1727 2421 Andreas,
1746 2341 1828 2404 llar-

500 2467 576 2529 cus,
591 2426 695 2512 etiam
715 2444 859 2512 nomina
874 2444 1043 2531 gerebant
1058 2450 1198 2511 externa
1216 2464 1329 2533 neque
1352 2448 1468 2510 tamen
1491 2442 1694 2511 Hellenistae
1715 2449 1824 2535 erant.

501 2550 565 2620 Sed
580 2573 620 2618 ex
633 2549 703 2619 alia
716 2551 850 2617 ratione
867 2549 1006 2618 ridetur
1024 2548 1207 2641 probabile
1222 2548 1347 2616 eleetos
1367 2570 1438 2615 esse
1458 2548 1672 2632 llellenistas,
1690 2551 1773 2639 quia
1791 2551 1827 2618 in

500 2656 676 2748 prioribus
694 2655 862 2739 ministris
875 2655 1035 2725 hebraeis
1049 2678 1152 2724 causa
1166 2655 1260 2722 illius
1279 2654 1564 2723 murmurationis
1584 2663 1721 2746 reperta
1739 2662 1824 2724 erat.

502 2767 565 2830 llos
582 2765 706 2831 sistunt
724 2762 894 2854 apostolis
913 2763 974 2854 qui
994 2786 1051 2830 eos
1072 2760 1267 2853 approbent
1286 2764 1403 2851 eisque
1428 2767 1629 2853 potestatem
1647 2763 1828 2831 conferant

501 2892 535 2937 v.
568 2875 588 2936 c
625 2867 685 2936 ltus
718 2880 915 2937 statuerunt
948 2872 1028 2936 bute
1056 2882 1275 2959 conspectum
1308 2868 1540 2959 apiostoloium
1565 2882 1598 2935 et
1625 2870 1762 2959 (οἵτινες,
1791 2871 1826 2952 u)

501 2987 636 3042 orentes
659 2975 899 3065 imposuerunt
924 2974 973 3040 eis
994 2995 1138 3059 ieiunum·
1163 2975 1238 3065 ipsa
1266 2975 1420 3041 oratione
1450 2979 1483 3042 et
1507 2975 1723 3065 impositione
1752 2996 1826 3042 ma·

501 3102 609 3148 nuum
629 3080 713 3149 satis
732 3080 930 3148 declaratur
952 3079 1020 3146 illis
1039 3102 1111 3147 non
1132 3085 1266 3148 tantum
1291 3080 1458 3148 committi
1478 3081 1705 3148 ministerium
1728 3103 1828 3149 men·

501 3208 635 3267 sarum,
652 3208 772 3255 verum
792 3209 851 3255 eos
870 3186 1032 3254 constitui
1056 3193 1089 3253 et
1110 3189 1302 3254 consecrari
1321 3209 1434 3254 saeros
1455 3187 1621 3255 Ecclesiae
1640 3186 1824 3256 ministros.

502 3297 585 3362 Nam
610 3292 784 3385 impositio
812 3314 977 3359 manarum
1008 3292 1078 3359 iam
1107 3292 1144 3359 in
1170 3299 1283 3359 vetere
1315 3293 1452 3360 loedere
1474 3293 1668 3380 symbolum
1693 3301 1768 3362 erat
1795 3300 1828 3363 et

502 3399 599 3490 quasi
628 3398 828 3467 vehiculum
857 3421 927 3488 quo
954 3400 1137 3488 imponens
1167 3399 1265 3465 alteri
1297 3398 1428 3489 aliquid
1462 3399 1595 3467 tribuit.
1620 3406 1670 3469 lta
1702 3406 1829 3489 lloyses

502 3504 643 3573 iubetur
659 3526 782 3573 manus
801 3504 983 3595 imponere
999 3509 1094 3573 losue
1109 3511 1143 3571 et
1158 3510 1254 3572 losue
1272 3506 1423 3594 repletus
1440 3511 1491 3573 est
1504 3507 1625 3597 spiritu
1640 3508 1828 3598 sapientiae

502 3611 584 3703 quia
597 3615 723 3699 lloyses
736 3610 853 3701 posuit
871 3633 975 3701 super
994 3634 1074 3678 eum
1092 3633 1214 3678 manus
1232 3633 1309 3678 suas
1333 3615 1443 3701 (Num.
1464 3618 1577 3693 2218.
1599 3616 1694 3681 Dent.
1712 3615 1826 3700 3t,9);

502 3716 720 3809 impositione
741 3739 911 3785 manuum
927 3717 1052 3784 levitae
1073 3717 1210 3784 Domini
1234 3717 1426 3785 ministerio
1443 3718 1580 3809 aplehe
1601 3727 1830 3787 secernuntur

503 3833 536 3891 et
557 3820 763 3891 dedicantur
789 3824 905 3912 (Num.
924 3826 1030 3908 8‚10):
1054 3823 1195 3892 uictima
1216 3823 1434 3915 impositione
1456 3848 1620 3893 manuum
1644 3827 1830 3894 sistebatur

503 3928 647 3998 Domino
670 3937 850 4020 tamquam
872 3929 987 3997 hostia
1008 3930 1153 4012 ricaria3
1175 3929 1394 4021 impositione
1422 3954 1585 3998 manuum
1606 3931 1642 3998 in
1667 3956 1757 4001 novo
1777 3939 1829 4000 te·

502 4040 672 4103 stamento
698 4036 923 4104 conteruntur
946 4036 1113 4104 beneficia
1134 4039 1353 4103 sanationum
1380 4039 1491 4126 (llere.
1516 4045 1589 4120 o,5;
1612 4045 1708 4121 2323
1734 4045 1827 4121 ⁸2⁹3·

502 4147 581 4210 Luc.
598 4140 705 4232 blot),
727 4141 777 4209 ita
789 4145 881 4210 lesus
894 4142 1070 4210 benedicit
1087 4142 1242 4232 parvulis
1261 4143 1374 4231 (ltere.
1394 4147 1522 4231 10‚1c);
1544 4167 1584 4211 eo
1605 4145 1673 4213 ritu
1695 4147 1830 4214 center·

503 4254 560 4316 tur
579 4247 724 4340 Spiritus
743 4254 882 4317 sanctus
904 4248 991 4338 (Act.
1015 4256 1096 4330 8,17
1116 4271 1187 4338 seq.
1210 4253 1321 4338 to‚u);
1346 4251 1438 4318 unde
1464 4274 1472 4320 :
1495 4253 1654 4320 resuscita
1679 4253 1830 4341 gratiam

503 4354 563 4423 Dei
577 4376 666 4445 quae
682 4362 731 4423 est
750 4355 788 4423 in
808 4361 842 4423 te
868 4377 932 4446 per
950 4354 1205 4445 impositionem
1225 4378 1389 4424 manuum
1411 4380 1566 4426 mearum
1593 4360 1627 4447 (Ξ
1648 4360 1731 4427 Tim.
1756 4367 1828 4443 ac:

504 4461 547 4530 ci.
571 4470 587 4528 1
610 4463 694 4529 Tim.
716 4466 813 4545 t,u;
838 4462 947 4552 522).
967 4467 1078 4552 Atque
1102 4484 1160 4529 eos
1188 4469 1398 4531 consecratos
1423 4486 1494 4532 esse
1517 4487 1629 4533 sacros
1658 4465 1831 4534 ministros

504 4566 586 4634 inde
612 4589 752 4659 quoque
777 4574 941 4660 apparet,
964 4570 1048 4658 quia
1071 4567 1108 4635 in
1133 4567 1231 4635 uerbi
1255 4570 1312 4636 Dei
1336 4570 1593 4661 praedicatione
1616 4579 1831 4662 occupantur

506 4672 616 4762 (u,10;
640 4679 697 4757 8‚5
713 4673 815 4766 seq).
830 4677 939 4753 Quare
953 4674 1163 4743 censendum
1183 4682 1236 4742 est
1258 4698 1316 4743 eos
1334 4676 1436 4744 fuisse
1454 4680 1526 4746 reri
1548 4678 1699 4746 nominis
1713 4678 1831 4748 diaco-

506 4800 586 4864 n0s3
612 4785 647 4846 et
672 4780 753 4871 quia
781 4803 861 4851 cum
885 4781 1006 4871 agapis
1028 4781 1195 4869 coniungi
1218 4782 1351 4849 solebat
1375 4785 1544 4865 contactio
1570 4808 1611 4853 ac
1633 4784 1831 4871 distributio

891 4910 1084 4949 numeraturi.
1100 4924 1132 4934 -
1148 4910 1174 4949 ut
1190 4910 1271 4949 nctus
1286 4911 1372 4949 arear.
1387 4926 1419 4936 -
1435 4905 1450 4951 8
