4010 5474
1018 355 1115 449 ici.
1140 387 1258 463 rep-a
1661 416 1668 429 ·
1755 380 1816 446 era

490 537 700 631 Ptuyyiam,
719 562 809 631 quae
828 535 980 623 Phrygia
1001 557 1131 625 magna
1152 558 1281 605 nomen
1300 535 1422 604 habuit
1443 539 1477 602 et
1500 535 1599 601 cuius
1622 558 1704 625 pars
1723 539 1815 606 inter

489 644 647 716 boreales
671 645 860 734 Lycaoniae
877 648 911 710 et
932 642 1144 712 meridianos
1164 643 1313 714 Galatiae
1334 639 1506 733 usquead
1525 638 1710 709 orientales
1729 648 1816 735 Cap-

488 754 658 843 padociae
682 750 849 818 terminos
869 750 1074 818 excurrebat
1099 751 1241 840 (Patr.);
1266 750 1318 817 ibi
1339 771 1473 840 quoque
1492 746 1592 815 multi
1616 746 1816 816 incolebant

490 858 625 940 ludaei;
648 878 732 924 nam
757 859 827 925 iam
849 858 1037 926 Antiochus
1057 877 1205 944 magnus
1230 856 1299 923 duo
1327 855 1435 923 millia
1451 854 1662 923 familiarum
1688 852 1813 944 (οἴκους)

489 964 695 1031 ludaeorum
724 986 765 1031 ex
788 962 1032 1053 Mesopotamia
1055 969 1088 1029 et
1112 962 1301 1050 Babylonia
1328 961 1367 1029 in
1394 960 1534 1049 Lydiam
1563 967 1597 1028 et
1626 960 1815 1050 Phrygiam

489 1067 589 1137 sedes
610 1072 797 1139 transferre
812 1070 958 1137 iusserat
974 1067 1162 1160 (Iosephus,
1185 1068 1301 1159 antiq.
1325 1067 1454 1157 laea)
1475 1077 1507 1134 et
1524 1064 1815 1158 Galatiaereyio-

487 1196 587 1264 nent:
604 1178 739 1268 priscae
758 1177 852 1243 enim
870 1175 1043 1264 Phrygiae
1062 1197 1143 1266 pars
1163 1198 1185 1243 a
1204 1176 1345 1258 Galatis,
1363 1173 1484 1258 Gallis,
1500 1172 1604 1242 lleltis
1625 1172 1692 1243 tuit
1712 1194 1812 1241 occu-
1861 1258 1869 1268 ῃ

488 1288 585 1373 pata3
603 1284 685 1351 iude
705 1303 834 1349 nomen
853 1282 885 1349 ei
906 1284 1036 1350 factum
1052 1281 1220 1368 Galatiae,
1236 1282 1405 1371 galaticae
1426 1280 1595 1369 regionis;
1612 1279 1717 1349 luisse
1730 1279 1814 1348 olim

488 1411 594 1456 unam
612 1387 793 1475 regionem
806 1390 950 1457 forhsse
962 1388 1138 1457 indicatur
1149 1410 1189 1456 eo
1203 1387 1296 1478 quod
1308 1395 1454 1478 utraque
1468 1386 1567 1473 regio
1581 1406 1651 1453 uno
1665 1386 1813 1455 articulo

486 1503 540 1578 τὴν
558 1497 618 1582 Φρ.
641 1501 691 1563 καὶ
705 1497 876 1581 Γαλατικὴν
888 1497 991 1585 χώραν
1006 1494 1330 1586 comprehenditur;
1348 1493 1450 1563 urbes
1464 1492 1591 1561 habuit
1612 1492 1699 1560 haec
1713 1493 1813 1580 regio

487 1600 706 1686 Pessinunta,
728 1606 921 1690 Ancyram,
948 1603 1101 1669 levium.
1126 1601 1352 1689 Evangelium
1380 1601 1430 1668 ibi
1454 1599 1692 1690 praedicatum
1721 1619 1810 1680 esse,

486 1705 588 1796 proin
610 1715 732 1793 διῆλθον
754 1729 795 1774 en
819 1730 922 1775 sensu
943 1730 1014 1775 esse
1034 1706 1317 1796 intelligendum,
1334 1707 1445 1775 elucet
1465 1728 1505 1774 ex
1528 1710 1640 1788 18,23.
1659 1704 1711 1773 lbi
1729 1726 1812 1772 vero

487 1813 731 1881 annuntiatum
746 1817 797 1907 est
808 1814 892 1903 quia
905 1814 1013 1882 vetati
1025 1827 1106 1882 sunt
1119 1837 1142 1882 α
1155 1814 1288 1906 Spiritu
1302 1827 1418 1882 sancto
1434 1812 1530 1904 loqui
1541 1814 1680 1881 verbnm
1696 1810 1761 1879 Dei
1775 1811 1813 1879 in

487 1918 587 2007 Asia,
605 1919 763 2007 intellige
780 1921 893 1987 Asiam
907 1922 1103 2012 propriam,
1119 1920 1333 2010 provinciam
1348 1920 1395 1989 sic
1407 1920 1546 1988 dictam.

531 2027 616 2092 Cum
637 2025 689 2092 ibi
708 2025 818 2113 igitur
838 2016 1112 2117 praedicassent,
1128 2027 1276 2118 proiecti
1297 2026 1342 2096 ad
1361 2025 1511 2096 confinia
1531 2027 1655 2114 Mysiae
1673 2025 1755 2093 inde
1775 2025 1813 2092 in

459 2128 462 2132 ’
486 2131 684 2219 Bithyniam
698 2132 842 2200 tendere
857 2133 1037 2217 volebant3
1053 2155 1136 2203 nam
1156 2134 1194 2202 in
1209 2134 1328 2223 Mysia,
1345 2155 1434 2224 quae
1457 2132 1499 2200 ad
1520 2129 1636 2200 Asiam
1657 2130 1811 2220 pertine·
1853 2133 1858 2137 ’

485 2236 562 2322 bat,
588 2237 759 2328 prohibiti
783 2243 881 2307 eraut
903 2262 924 2307 a
946 2239 1203 2331 praedicatione
1230 2264 1263 2308 v.
1289 2247 1310 2307 ’1
1333 2261 1412 2306 cuni
1435 2237 1606 2306 venissent
1629 2250 1747 2305 antem
1774 2236 1813 2303 in

485 2342 638 2434 Mysiam
657 2347 733 2414 κατὰ
754 2344 778 2413 i.
796 2368 828 2413 e.
846 2366 963 2414 versus
980 2346 1137 2435 Mysiam,
1157 2345 1204 2415 ad
1222 2345 1369 2415 confinia
1389 2346 1509 2434 Mysiae
1530 2343 1631 2435 (BL),
1649 2366 1739 2436 quae
1761 2348 1813 2411 est

417 2447 419 2450 ⁴
485 2450 584 2538 regio
608 2451 756 2519 maxime
772 2451 922 2520 borealis
939 2452 1037 2521 hsiae
1052 2453 1226 2544 propriae,
1241 2452 1342 2541 Mysia
1362 2452 1488 2535 minor,
1508 2452 1689 2519 tentabant
1709 2449 1759 2517 ire
1774 2450 1812 2518 in

485 2556 706 2647 Bithyniam,
732 2557 879 2648 positam
906 2558 998 2627 inter
1025 2564 1172 2627 Pontum
1199 2560 1376 2643 euxinum,
1397 2557 1687 2649 Paphlagoniam,
1712 2558 1811 2626 Gala-

484 2662 585 2745 tiam,
609 2663 797 2751 Phrygiam
812 2686 995 2753 magnam,
1015 2666 1151 2753 Mysiam
1176 2666 1342 2733 minorem
1363 2670 1398 2732 et
1417 2661 1660 2753 Propontidem
1684 2663 1809 2753 (Patr.)

484 2782 518 2836 et
533 2791 603 2836 non
618 2768 778 2860 permisit
793 2792 849 2838 eos
865 2770 1008 2862 spiritns
1021 2773 1118 2857 lesit,
1131 2794 1165 2840 v.
1180 2776 1201 2839 8
1215 2793 1293 2839 enne
1312 2782 1427 2840 autem
1440 2768 1710 2862 pertransissent
1731 2771 1811 2860 My·

482 2875 572 2943 siam
598 2874 848 2944 descenderunt
878 2876 1063 2963 Troadem,·
1088 2899 1214 2946 nomen
1239 2883 1339 2946 Troas
1363 2877 1545 2968 proprium
1566 2877 1632 2944 iuit
1656 2876 1811 2964 regionis

484 2983 572 3049 mari
596 3003 727 3071 aegaeo
750 2983 940 3051 adiacentis
961 2983 1052 3052 inter
1075 2985 1215 3072 Mysiam
1238 2984 1406 3052 minorem
1428 2984 1667 3075 maioremque
1675 2992 1694 3066 ς’
1708 2983 1811 3050 huius

484 3087 639 3175 regionis
666 3090 751 3156 urhs
776 3088 959 3179 primaria,
983 3089 1021 3157 in
1047 3090 1147 3157 litore
1176 3090 1302 3180 posite,
1325 3089 1506 3180 proprium
1531 3111 1659 3158 nomen
1688 3088 1812 3157 babuit

482 3194 706 3278 Alexandria,
733 3217 802 3285 quo
826 3218 907 3263 vero
934 3194 1012 3263 aliis
1038 3195 1185 3264 urbibus
1215 3195 1264 3264 sic
1289 3197 1493 3287 nuncupatis
1523 3195 1807 3284 distingueretur,

487 3301 704 3391 Ἀλεξάνδρεια
727 3313 746 3386 ἡ
772 3304 900 3391 Τρῳάς,
921 3302 977 3370 vel
1002 3301 1090 3370 sicut
1116 3302 1189 3393 ipsa
1217 3303 1315 3391 regio
1344 3307 1445 3371 Troas
1469 3303 1587 3371 vocari
1615 3303 1718 3371 solita
1741 3303 1810 3370 tuit

459 3418 462 3428 “
485 3405 625 3496 (Patr).
642 3412 711 3474 Hoc
734 3407 811 3476 loco
833 3407 910 3497 ipsa
935 3408 1020 3476 urbs
1041 3407 1260 3497 intelligitur,
1285 3409 1330 3477 ab
1352 3414 1507 3497 Augusto
1530 3408 1667 3479 colonia
1690 3415 1807 3493 aucta,

484 3511 529 3579 ad
543 3534 638 3580 mare
657 3512 724 3580 sita
737 3520 858 3581 contra
870 3513 1042 3582 Tenedum
1059 3514 1156 3604 (BL).
1175 3515 1226 3583 lbi
1246 3516 1317 3584 iam
1334 3516 1542 3584 Christianos
1556 3515 1677 3598 inisse,
1692 3513 1810 3602 colligi

484 3622 597 3708 potest
615 3619 698 3709 quia
711 3618 763 3687 ibi
781 3624 886 3689 Lucas
899 3642 935 3689 se
955 3620 1111 3690 adiunxit
1126 3623 1281 3713 apostolo
1297 3623 1341 3712 (v.
1362 3622 1433 3713 10);
1451 3624 1488 3691 in
1502 3627 1700 3713 pentecoste
1716 3620 1808 3689 enim

484 3724 589 3792 etiam
609 3748 649 3793 ex
669 3724 748 3793 Asia
766 3726 911 3794 aderant
933 3729 970 3794 in
987 3727 1071 3795 urbe
1088 3728 1169 3819 (PM)
1189 3750 1252 3819 per
1266 3751 1350 3819 quos
1364 3728 1505 3798 nuntius
1519 3729 1709 3798 messianus
1726 3728 1810 3797 huic

484 3853 623 3920 quoque
648 3833 783 3920 regioni
807 3838 857 3900 cst
881 3833 1017 3902 allatus.
1039 3834 1239 3902 Etfortassc
1262 3836 1442 3904 haeserat
1468 3837 1574 3920 ratio,
1597 3859 1660 3905 cur
1684 3836 1809 3905 Paulus

483 3936 731 4026 prohiberetur
747 3939 782 4005 in
803 3938 880 4007 Asia
898 3939 1117 4030 praedicare,
1136 3962 1205 4031 quo
1218 3941 1317 4009 citius
1330 3942 1403 4011 scil.
1419 3942 1670 4011 emendaretur
1688 3941 1733 4010 ad
1752 3964 1803 4010 re·

483 4043 622 4131 ginnas,
640 4043 702 4111 ubi
717 4043 867 4113 Christus
880 4047 1036 4115 nondum
1049 4053 1122 4115 erat
1133 4048 1338 4117 nominatus.

528 4150 692 4240 apostolo
710 4172 820 4219 novus
835 4150 964 4220 laboris
981 4175 1122 4244 campus
1141 4154 1330 4223 ostenditur
1342 4178 1376 4224 r.
1396 4163 1416 4223 9
1431 4166 1464 4223 et
1485 4154 1572 4224 risio
1589 4178 1655 4247 per
1673 4168 1808 4224 noctem

484 4255 595 4325 Panlo
618 4270 751 4325 ostensa
770 4270 820 4324 est
841 4279 853 4325 .·
872 4258 927 4325 vir
947 4258 1089 4327 licendo
1104 4260 1264 4351 qnidam,
1280 4264 1360 4331 satis
1374 4263 1461 4331 bene
1481 4263 1592 4331 altera
1606 4262 1710 4332 lectio
1724 4268 1806 4350 ὤφθη

482 4374 524 4451 τῷ
541 4366 584 4431 Π.
603 4370 672 4434 ὡσεὶ
692 4367 767 4453 ἀνὴρ
783 4369 868 4445 etc.;
893 4364 985 4433 unde
1006 4371 1151 4434 noverat
1166 4369 1289 4436 Paulus
1304 4391 1373 4437 esse
1388 4370 1626 4437 Macedonem?
1640 4395 1658 4431 n
1671 4372 1808 4458 poterat

487 4468 608 4537 vidisse
622 4470 679 4538 die
694 4471 852 4562 proximo
864 4472 994 4540 Troade
1008 4471 1208 4542 Macedones
1222 4475 1404 4564 quosdam,
1422 4474 1606 4562 chlamyde
1621 4474 1808 4563 causisque

482 4574 655 4663 insignes;
672 4577 754 4646 inde
768 4578 869 4647 facile
881 4578 1090 4668 agnoscebat
1107 4607 1124 4643 n
1142 4580 1235 4670 (Bi).
1252 4586 1294 4650 ht
1308 4604 1349 4650 ea
1363 4604 1399 4650 re
1415 4605 1459 4650 ne
1472 4604 1562 4673 opus
1581 4580 1722 4672 quidem
1737 4584 1804 4662 est;

483 4703 563 4749 cum
585 4682 677 4750 enim
697 4685 833 4753 audiret
851 4686 1000 4753 Paulus:
1019 4686 1186 4757 transiens
1203 4689 1241 4757 in
1258 4689 1487 4758 Macedoniam
1506 4690 1633 4758 adiuva
1654 4709 1731 4772 nos,
1752 4685 1806 4755 vi·

484 4809 561 4856 rum
583 4811 658 4856 osse
680 4791 896 4860 Macedonem
916 4797 990 4860 erat
1009 4794 1239 4864 manifestum.
1257 4795 1294 4864 ld
1314 4796 1473 4864 accidisse
1495 4817 1576 4863 mox
1598 4793 1661 4862 ubi
1680 4793 1806 4862 Paulus
