4054 5442
242 310 302 370 428
790 332 855 377 scr.
878 315 1015 388 mlii.

244 459 349 526 maris
364 462 482 549 magni
494 484 531 532 u.
549 470 615 532 322
630 484 639 533 τ
654 487 763 555 prope
777 469 1070 555 promontorium,
1087 462 1183 555 quod
1197 464 1290 531 inter
1302 467 1428 544 Καλοὺς
1443 473 1568 546 λιμένας

242 569 276 631 et
311 565 470 635 llatalum
504 592 622 639 versus
652 570 849 637 libonotum
886 571 989 658 longe
1028 569 1218 661 procurrit,
1249 574 1325 638 erat
1349 568 1434 637 urbs
1465 568 1565 650 Lisia,

242 670 394 759 Lissa...;
420 698 490 766 quo
512 683 615 768 pacto
636 678 674 744 in
697 675 790 743 Actis
812 696 869 763 ap.
895 698 914 741 e
935 676 1028 743 Lissa
1045 675 1173 743 lactum
1192 676 1236 743 sit
1252 677 1370 743 Lisaea
1383 674 1439 743 vel
1453 674 1567 742 elassa

241 773 355 847 dicere
386 803 457 850 non
486 782 610 850 hnbco.
644 780 799 848 Dubitari
825 801 906 847 vero
929 781 1051 870 nequit
1080 781 1167 870 quin
1195 781 1289 849 ‘Atat
1317 780 1498 850 Stadiasmi
1522 780 1566 847 ad

241 886 377 956 Λάσαιαν
399 887 454 955 vol
473 888 629 955 Ἀλασσαν
651 890 814 953 Actorum
829 884 1049 953 referendum
1067 884 1122 952 sit.
1141 888 1179 952 ln
1196 884 1393 954 Stadinsmo
1411 886 1564 974 legitur:

244 991 302 1060 ἆπδ
323 995 464 1074 Audivere
488 995 531 1072 εἰς
555 992 655 1072 Ἁλὰς
674 997 784 1060 στάδιοι
808 992 840 1059 κ’
859 989 917 1079 (cl.
938 990 1136 1082 Geogruphi
1154 990 1274 1078 graeci
1288 990 1451 1073 minum,
1472 991 1566 1059 Pari·

242 1094 410 1164 siis1ast
438 1100 451 1163 1
475 1118 511 1186 p.
543 1097 636 1186 506).
665 1101 704 1164 ln
727 1096 845 1164 tabula
875 1097 1033 1183 Peuting.
1063 1096 1160 1183 idem
1185 1095 1282 1164 locus
1308 1100 1453 1182 vocatur
1479 1095 1567 1163 Lisis
1675 1104 1678 1105 ’

244 1200 282 1290 (l.
300 1199 404 1289 bissa)
420 1205 455 1269 ct
475 1209 515 1270 16
530 1202 617 1271 mill;
635 1206 817 1291 aGortyna
830 1201 960 1270 distare
974 1202 1115 1270 dicitur.

251 1356 254 1363 ,
285 1306 490 1398 Paulusqui
513 1309 584 1378 iam
608 1316 658 1376 ter
677 1310 899 1396 naufragium
918 1329 1037 1398 passus
1058 1308 1093 1396 (2
1114 1311 1189 1375 Gor.
1214 1306 1332 1398 1135)
1345 1307 1479 1374 itineris
1492 1328 1565 1376 mn-

241 1409 347 1479 ritimi
372 1413 468 1482 houd
492 1422 567 1485 erat
584 1415 729 1503 ignarus
750 1414 927 1505 praevidet
946 1420 1090 1505 propter
1112 1413 1197 1482 suni
1214 1418 1352 1506 tempus
1370 1412 1565 1502 navigatio·

240 1538 321 1611 nem
341 1519 416 1589 fore
442 1521 603 1612 periculis
622 1522 800 1610 obseptam
820 1542 852 1587 v.
875 1527 895 1587 9
913 1520 1024 1587 oculto
1039 1531 1157 1587 autem
1172 1533 1323 1610 tempore
1330 1531 1476 1609 peracto
1490 1520 1562 1600 seii.

240 1622 287 1701 ab
300 1624 436 1715 incepto
449 1627 585 1709 itinere,
601 1625 808 1717 quieveritis
826 1625 1005 1694 contrariis
1023 1624 1467 1715 navigatioretardabatur
1479 1648 1512 1693 v.
1531 1632 1562 1693 t.

240 1735 311 1813 ’1.8,
341 1743 374 1798 et
400 1752 478 1799 cum
500 1731 572 1800 ium
592 1754 663 1799 non
681 1745 766 1800 esset
789 1743 865 1798 tuto
891 1731 1086 1822 naviqatr'o,
1113 1738 1281 1820 ἑπισφαλής
1302 1730 1512 1822 periculosa,
1526 1752 1565 1799 eo

241 1833 337 1925 quod
357 1848 390 1905 et
409 1837 581 1906 ieiunium
604 1838 675 1907 iam
691 1838 943 1928 praeteriisset,
970 1847 1023 1922 τὴν
1048 1846 1183 1925 νηστείαν
1210 1836 1367 1925 intellige
1397 1835 1564 1905 ieiunium

242 1938 313 2009 disi
335 1945 454 2031 magui
477 1943 695 2036 expiationis,
720 1944 780 2035 qui
801 1948 876 2011 erat
894 1942 968 2011 dics
989 1943 1145 2012 decimus
1162 1941 1291 2032 mensis
1313 1941 1452 2034 septimi
1471 1943 1562 2033 (lev.

236 2048 370 2143 11119),
396 2049 522 2118 mensis
549 2049 668 2118 tisehd
691 2050 904 2139 (sept-oct).
930 2049 1026 2117 Diem
1050 2049 1144 2117 huuc
1170 2047 1332 2140 Iosephus
1351 2070 1493 2140 quoquc
1510 2056 1564 2133 τὴν

238 2163 372 2238 νηστείαν
399 2163 498 2224 vocat
525 2155 654 2246 (Antiq.
681 2161 814 2238 3,ro‚3;
840 2162 973 2239 1a‚a,3;
1002 2161 1132 2239 18,t,3.
1156 2153 1241 2223 Bell.
1264 2153 1339 2222 iud.
1364 2154 1488 2239 5,5,·1),
1511 2152 1565 2222 uti

247 2261 405 2351 Vepetius
423 2261 505 2329 dicit
524 2282 531 2329 :
553 2266 632 2352 post
648 2260 741 2328 diem
759 2267 917 2329 octavum
932 2262 1106 2329 decimum
1121 2259 1354 2329 Kalendarum
1368 2259 1563 2328 octobrium

239 2387 347 2456 usque
365 2366 402 2435 in
424 2366 565 2435 tertium
589 2367 668 2436 ldus
686 2366 881 2434 novembris
898 2367 1034 2459 incerta
1053 2364 1232 2455 navigatio
1249 2372 1300 2434 ost
1321 2371 1357 2434 et
1372 2364 1564 2434 discmmini

240 2471 391 2563 propior,
413 2479 598 2564 propterea
616 2474 699 2563 quia
718 2478 793 2562 post
814 2472 892 2540 ldus
910 2471 1115 2563 septembris
1134 2471 1244 2539 oritur
1260 2474 1441 2555 Arcturus,
1464 2472 1563 2540 vehe-

241 2578 491 2647 mentissimum
508 2580 617 2660 sidus,
629 2585 664 2646 et
679 2576 984 2646 oetavolialendas
999 2577 1149 2646 octobris
1167 2576 1431 2669 aequinoctialis
1445 2578 1563 2645 evcnit

240 2683 367 2752 acerba
389 2690 589 2776 tempestas3
614 2684 706 2753 circa
726 2688 837 2752 Nonus
852 2706 934 2752 vero
948 2683 1097 2752 octobris
1109 2682 1219 2753 lloedi
1236 2682 1423 2774 pluviales,
1440 2681 1563 2774 quinto

239 2787 318 2856 Idus
342 2789 493 2858 eiusdem
515 2795 642 2858 Taurus
667 2790 724 2880 (de
751 2813 788 2858 re
807 2789 951 2857 militari
970 2789 1056 2876 5,9).
1079 2788 1488 2880 tiocitaquopericulum
1499 2788 1562 2856 ad·

240 2900 373 2961 vertens
394 2895 635 2964 consolabatur
655 2908 782 2986 παρῄνει
802 2894 1014 2963 admonebat
1039 2917 1095 2963 eos
1117 2893 1250 2962 Paulus
1274 2916 1308 2964 v.
1338 2901 1380 2962 10
1408 2892 1524 2963 dicem
1548 2914 1563 2959 .·

237 2997 320 3085 viri,
343 2997 441 3068 rideo
462 3001 628 3091 quoniam
650 3023 728 3069 curre
749 3001 881 3069 iniuria
899 3008 1012 3091 ῦερεως
1034 3000 1231 3084 vexatione,
1253 2999 1413 3068 molestia
1433 3021 1561 3087 magna

237 3115 271 3179 er
292 3103 400 3172 multo
425 3106 552 3174 darnae
578 3129 648 3174 non
672 3107 785 3174 solum
810 3106 921 3174 orieris
944 3119 977 3174 et
1006 3107 1114 3191 recob,
1146 3104 1336 3174 sedetiam
1364 3104 1562 3174 mimarum

241 3222 434 3279 nostrarum
459 3212 582 3303 incipit
604 3236 673 3280 esse
692 3213 891 3301 riceipctr'o,
909 3214 953 3281 el.
972 3219 992 3279 2
1008 3216 1083 3281 Cor.
1102 3218 1203 3295 1210
1218 3221 1250 3281 iv
1267 3218 1390 3302 ὕῦρισιν,
1407 3211 1507 3302 vulg,
1524 3211 1560 3279 iu

240 3317 472 3399 contumeliis,
489 3325 523 3386 et
537 3316 697 3409 Iosephus
711 3316 795 3385 dicit
809 3328 862 3401 τήν
880 3321 937 3387 ἀπὶ
957 3330 1014 3387 τῶν
1031 3325 1149 3408 Ξμὸρων
1171 3324 1251 3407 ϋόριν
1268 3318 1400 3409 (Antiq.
1418 3322 1514 3402 ³,u,t
1528 3322 1562 3385 et

236 3424 374 3491 bulbul.
398 3429 515 3508 7,ul,3
540 3432 657 3494 δείσασα
681 3430 831 3507 θαλαττης
858 3430 954 3513 Sipus,
978 3424 1022 3492 cl.
1047 3424 1194 3508 (iritum,
1219 3428 1298 3495 Lex.
1329 3422 1480 3512 Wendt).
1501 3425 1562 3492 Vir

239 3527 378 3597 criticus
401 3552 568 3612 morosus,
588 3528 767 3612 Orci-beck,
784 3536 899 3598 censet
915 3529 1008 3598 hunc
1029 3529 1126 3599 Pauli
1144 3530 1303 3598 timorem
1316 3551 1512 3621 repugnare
1528 3535 1562 3597 et

238 3634 411 3703 adversari
438 3635 654 3727 promissioni
693 3641 793 3720 23,st
829 3643 1002 3727 acceptas.
1036 3636 1102 3705 Sed
1132 3635 1257 3704 Paulus
1284 3657 1349 3725 pro
1372 3657 1408 3703 se
1430 3634 1562 3726 accepit

239 3739 498 3831 promissionem
522 3763 557 3809 sc
583 3745 723 3809 Romam
747 3742 916 3823 visurum3
946 3742 1045 3831 proin
1071 3740 1147 3829 etsi
1159 3763 1223 3832 pro
1244 3763 1281 3810 sc
1301 3746 1415 3808 certus
1433 3745 1507 3808 erat
1524 3762 1559 3808 se

234 3845 368 3917 salvum
390 3869 571 3917 evasurum
598 3870 616 3915 c
643 3847 749 3915 maris
781 3846 957 3937 periculis,
988 3855 1105 3915 tamen
1136 3870 1177 3917 eo
1206 3846 1310 3916 modo
1333 3846 1378 3915 dc
1400 3846 1558 3938 periculo

235 3951 395 4021 omuibus
423 3953 625 4022 imminente
655 3975 795 4022 monere
820 3952 948 4043 potuit;
978 3953 1021 4022 dc
1052 3953 1229 4023 communi
1257 3959 1374 4022 autem
1401 3952 1558 4022 omnium

233 4056 386 4148 periculo
409 4081 553 4127 monens
576 4081 637 4127 cur
667 4081 736 4127 non
765 4059 976 4149 loqueretur,
999 4064 1038 4128 ut
1055 4059 1188 4127 locutus
1208 4065 1279 4145 est,
1300 4058 1473 4128 adhibens
1486 4059 1558 4127 lor·

236 4184 325 4233 mem
342 4164 481 4233 dicendi
496 4164 859 4233 communicativami.

278 4271 344 4339 Sed
365 4272 520 4340 centurio
539 4272 643 4340 satius
661 4269 867 4361 duxitsequi
885 4271 1066 4339 consilium
1086 4293 1206 4340 corum
1222 4294 1310 4364 quos
1330 4271 1383 4339 rei
1397 4271 1557 4340 nauticus

233 4376 413 4467 peritiores
436 4379 541 4448 Paulo
566 4400 636 4445 csse
660 4375 843 4453 iudicavit,
863 4398 894 4444 v.
918 4383 955 4445 ll
977 4378 1133 4446 centurio
1147 4389 1265 4447 autem
1281 4378 1509 4469 pubcmctorr'
1524 4390 1558 4445 et

234 4482 396 4553 norrclcro
420 4485 533 4575 mapis
559 4482 716 4552 credebat
737 4504 844 4573 quam
863 4480 1021 4573 hisquae
1039 4483 1429 4570 recrudescentem
1448 4493 1557 4573 αυεαρ·

236 4598 327 4673 νήτης
348 4588 409 4681 qui
431 4592 476 4658 ad
499 4591 635 4659 clavum
655 4589 779 4657 sedens
793 4609 916 4656 navem
931 4587 1068 4677 dirigit3
1086 4596 1162 4659 erat
1173 4588 1336 4681 princeps
1349 4596 1555 4672 uenturum

237 4692 279 4763 de
311 4718 352 4763 eo
384 4696 511 4765 dieitur
537 4709 650 4767 ναυτῶν
680 4703 796 4785 ἄρχειν,
822 4705 931 4777 ναύτας
962 4702 1149 4792 luitpertus,
1176 4702 1280 4786 ἄρχειν
1301 4705 1461 4786 πρωρέως,
1483 4695 1557 4788 ipsc
