4054 5442
274 228 333 286 t38
806 241 876 287 scr.
899 223 1058 292 messe.

273 395 354 466 pers
366 371 567 455 centesims;
585 374 793 443 describitur
809 382 1019 444 utmensura
1030 379 1216 464 utrumque
1230 377 1407 441 extensum
1420 371 1605 442 brachium

274 500 443 570 aequans,
465 492 498 547 et
505 480 681 571 pusillum
695 479 776 547 inde
790 482 960 571 separati,
989 489 1086 570 βραχὺ
1109 489 1141 549 u
1160 488 1368 563 διαστήσαντες
1383 498 1463 546 cum
1480 478 1607 568 paulu·

273 586 347 654 lum
366 582 598 655 discessissent
614 587 673 676 (se,
695 590 758 653 aut
776 586 892 652 navim
910 587 1151 671 removissent3
1167 587 1211 653 oi.
1233 588 1426 653 Buttmann
1443 608 1481 675 p.
1500 584 1556 674 ts)
1571 591 1607 686 et

271 694 397 761 iterum
413 692 567 761 bolidem
581 690 811 769 demisissent,
825 688 1028 757 invenerunt
1038 711 1163 780 pessus
1175 689 1374 779 quindecim
1379 710 1395 776 ‚·
1407 691 1494 759 adeo
1508 690 1606 758 brevl

271 799 453 869 intervallo
471 802 607 864 tantum
621 793 783 860 imminui
797 794 1071 885 profunditatem
1086 794 1192 862 masis
1206 800 1337 884 certum
1352 801 1427 863 erat
1438 796 1605 864 indicium

272 927 381 997 prope
400 925 471 970 esse
480 906 626 982 terram;
650 898 744 967 unde
758 921 803 967 ne
820 900 859 968 in
879 900 1038 991 scopulos
1051 899 1303 990 impingerent,
1319 901 1518 969 consultum
1532 907 1607 970 erat
1733 944 1735 947 v

273 1012 378 1080 etiam
396 1009 441 1075 ob
460 1007 572 1074 noctis
585 1005 763 1090 tenebras,
778 1028 856 1075 cum
873 1011 987 1074 essent
999 1005 1114 1095 ignari
1127 1027 1198 1097 quo
1211 1007 1354 1074 tandem
1366 1006 1606 1097 propelleren-

273 1123 341 1200 tur,
366 1113 464 1181 iaotis
479 1112 639 1181 anchoris
660 1134 785 1181 navem
809 1113 927 1180 sistere
944 1135 975 1181 v.
993 1117 1036 1179 29
1060 1112 1219 1181 timentes
1231 1123 1348 1180 autem
1368 1133 1412 1180 ne
1431 1112 1470 1181 in
1486 1134 1607 1205 erpere

274 1219 350 1288 loco
359 1217 590 1287 incideremus
603 1220 641 1286 in
657 1218 734 1286 loca
743 1219 941 1309 scopulosa,
956 1216 999 1285 de
1009 1218 1125 1310 puppi
1133 1219 1308 1287 mittentes
1317 1219 1490 1287 anchoras
1503 1231 1606 1310 qunt-

274 1339 353 1394 tuor
379 1327 548 1418 optabant
574 1324 666 1392 dnm
686 1324 780 1414 fieri,
806 1330 845 1392 ut
867 1324 1008 1392 tandem
1033 1331 1110 1415 post
1131 1329 1203 1392 tam
1225 1322 1373 1412 longum
1391 1333 1426 1393 et
1445 1325 1606 1416 procellis

84 1446 87 1454 ·
175 1440 181 1447 ’
275 1431 441 1522 agitatam
470 1432 726 1518 navigationem
758 1430 928 1497 incertam
960 1429 1197 1520 perspicerent
1226 1430 1264 1498 in
1291 1452 1400 1520 quem
1425 1431 1604 1518 regionem

234 1621 239 1631 ⁴
274 1543 386 1607 essent
404 1536 522 1604 delati.
538 1535 597 1604 Die
610 1534 727 1625 itaque
741 1535 962 1604 illucescente
974 1542 1101 1604 nautae
1121 1537 1285 1604 tutiorem
1302 1541 1440 1627 partem
1459 1535 1526 1603 sibi
1545 1537 1604 1604 eli·

275 1665 359 1732 gere
372 1641 571 1725 tentabant3
586 1640 807 1710 coniecerunt
819 1664 859 1710 ex
871 1640 1056 1711 imminuta
1070 1642 1178 1710 maris
1193 1642 1431 1738 profunditate
1443 1642 1521 1710 lieri
1535 1664 1604 1710 non

275 1770 388 1840 posse,
407 1753 445 1815 ut
458 1748 555 1815 navis
569 1747 614 1816 ad
634 1751 762 1815 terram
780 1746 1031 1838 appelleretur3
1049 1770 1158 1837 quare
1176 1771 1244 1839 ope
1257 1750 1409 1839 scaphae
1426 1771 1462 1817 se
1476 1749 1522 1817 ad
1535 1754 1604 1817 ter·

276 1876 350 1922 ram
362 1854 540 1945 proripere
554 1853 716 1922 volebant
732 1875 763 1920 v.
780 1860 823 1921 30
837 1853 957 1921 nautis
970 1875 1048 1921 vero
1063 1857 1306 1944 quaerentibus
1315 1856 1450 1945 supere
1462 1854 1507 1924 de
1520 1854 1605 1925 naui

276 1982 354 2028 cum
367 1958 540 2027 misissent
558 1959 722 2049 scaptium
738 1959 776 2026 in
788 1981 883 2028 mure
895 1961 958 2027 sud
973 1962 1111 2028 obtentu
1123 1959 1226 2052 quusi
1239 1959 1432 2052 numerem
1455 1983 1480 2030 a
1495 1983 1604 2053 prora

277 2065 445 2135 anchoras
464 2064 654 2149 estendere,
675 2066 774 2157 quusi
791 2065 918 2133 vellent
930 2088 952 2134 a
962 2088 1068 2157 prore
1079 2067 1267 2158 procedere
1278 2073 1451 2159 quantum
1465 2073 1604 2159 possent

277 2177 312 2241 et
336 2171 481 2240 extensis
501 2170 642 2238 funibus
668 2171 901 2238 anchorarum
922 2172 1092 2240 anchoras
1111 2171 1305 2254 dimittere,
1328 2193 1454 2241 verum
1477 2174 1603 2242 Paulus
1694 2189 1698 2192 ⁴

278 2277 451 2369 perspexit
464 2276 551 2344 falso
560 2275 594 2342 id
612 2275 808 2366 praetendi,
824 2298 904 2345 oum
916 2277 963 2346 ad
973 2277 1063 2344 nihil
1076 2276 1161 2346 utile
1168 2286 1256 2348 esset
1266 2278 1407 2348 illorum
1423 2279 1601 2349 consilinm

278 2382 372 2473 quod
388 2382 568 2470 lingebant
582 2404 614 2448 r.
633 2388 669 2449 31
694 2380 926 2450 dicitPuulus
938 2383 1134 2452 centurioni
1153 2397 1187 2452 et
1209 2383 1374 2453 militibus
1391 2384 1491 2453 :nisi
1507 2384 1546 2454 hi
1564 2386 1602 2454 iu

278 2487 362 2556 novi
379 2489 584 2575 manserint,
603 2511 660 2556 oos
682 2488 773 2556 salvi
787 2488 867 2578 fieri
886 2511 959 2556 non
979 2491 1148 2579 potestis,·
1162 2490 1247 2559 dicit
1264 2510 1342 2576 vos;
1355 2490 1400 2559 de
1428 2513 1464 2559 se
1489 2498 1602 2561 certus

280 2598 355 2662 erat
367 2600 402 2661 et
421 2595 480 2661 hic
494 2593 532 2660 id
550 2595 732 2682 agebatur,
748 2599 787 2661 ut
809 2593 862 2660 illi
882 2593 1051 2685 sibiipsis
1076 2596 1325 2686 prospieientes
1348 2603 1384 2665 et
1402 2595 1447 2665 de
1460 2619 1523 2666 suo
1540 2619 1601 2689 pe-

278 2698 388 2767 riculo
406 2698 518 2767 edocti
537 2705 658 2767 nautes
683 2699 908 2790 impedirent,
934 2700 1121 2790 quominus
1142 2701 1293 2792 reliquos
1321 2706 1415 2770 certo
1448 2703 1601 2772 interitui

279 2803 469 2873 traderent.

323 2909 441 2978 llilites
462 2916 497 2978 et
520 2910 647 3002 captivi
665 2909 748 2978 artis
761 2911 951 2999 navigandi
964 2916 1064 2980 erant
1077 2911 1210 3000 ignari,
1228 2914 1321 2982 unde
1337 2913 1508 2984 sinautae
1522 2936 1601 2984 cnm

278 3016 408 3107 scapha
427 3016 643 3102 aufugerint,
665 3017 806 3108 reliquis
823 3016 894 3084 iam
909 3039 981 3086 non
1002 3017 1211 3108 relinquitur
1223 3040 1302 3110 spes
1315 3019 1540 3110 perveniendi
1557 3021 1600 3089 ad

278 3127 418 3190 terram.
444 3125 560 3210 Neque
573 3121 616 3189 iis
627 3121 740 3189 verbis
755 3122 879 3190 Paulus
894 3129 1001 3211 negat
1015 3145 1105 3214 quae
1119 3130 1223 3192 antes
1241 3147 1274 3192 v.
1292 3130 1334 3193 et
1354 3124 1505 3209 dixerat3
1520 3147 1599 3194 num

282 3254 298 3291 α
313 3234 399 3296 Deus
412 3225 520 3295 Paulo
533 3236 716 3318 aperuerat
729 3229 900 3297 neminem
914 3251 955 3296 ex
967 3228 1013 3297 iis
1029 3231 1087 3319 qui
1098 3251 1169 3297 una
1180 3229 1598 3322 ferebanturperiturum;

280 3354 351 3401 non
375 3337 492 3400 tamen
511 3338 697 3424 propterea
710 3333 878 3403 miracula
894 3334 1062 3425 promisit,
1084 3334 1132 3402 ita
1146 3338 1185 3402 ut
1202 3336 1349 3404 salutem
1364 3336 1598 3428 polliceretur,

275 3436 415 3506 tametsi
439 3439 610 3508 humanae
630 3462 712 3531 opes
733 3439 873 3531 penitus
890 3440 1056 3509 deessent.
1074 3445 1208 3510 Munere
1223 3463 1342 3511 omnes
1358 3442 1398 3511 in
1410 3445 1492 3512 navi
1507 3443 1601 3512 vole·

281 3544 356 3627 bat,
379 3550 418 3613 ut
440 3544 529 3613 alter
545 3545 644 3613 alteri
660 3568 762 3637 opem
779 3551 986 3636 praestaret,
1001 3567 1137 3616 omnem
1152 3547 1256 3617 simul
1273 3548 1481 3618 industriam
1495 3555 1530 3618 et
1543 3570 1600 3618 ar-

280 3656 349 3718 tem
371 3671 435 3740 pro
456 3651 588 3718 viribus
609 3652 830 3731 edhibereut;
853 3651 912 3719 Dei
924 3652 1106 3743 promissio
1120 3675 1197 3721 eam
1211 3654 1352 3723 tacitam
1367 3653 1598 3724 conditionem

279 3755 429 3837 ferebat,
455 3758 484 3825 si
509 3764 635 3826 nautae
658 3756 795 3826 muneri
811 3778 874 3824 suo
887 3778 958 3825 non
974 3756 1135 3826 deessent
1154 3785 1170 3820 s
1189 3757 1345 3850 (Cain).
1362 3759 1482 3830 llilites
1495 3758 1600 3831 Paulo

279 3861 426 3931 credunt
446 3886 478 3931 v.
506 3869 550 3930 32
572 3876 654 3931 tunc
675 3861 896 3931 absciderunt
921 3861 1049 3931 milites
1066 3865 1173 3953 funes
1195 3866 1358 3957 scaphae,
1377 3867 1507 3956 quibus
1523 3866 1597 3937 scil.

278 3967 426 4035 demissa
448 3990 488 4036 ex
506 3971 587 4037 navi
605 3970 733 4061 scopha
746 3969 862 4037 udhuo
878 3968 1103 4053 retinebatur,
1120 3977 1308 4062 antequam
1323 3978 1450 4041 nautee
1463 3973 1600 4043 descen·

278 4073 399 4142 dentes
417 4075 632 4165 propositum
651 4077 787 4165 exsequi
802 4081 981 4165 poterant,
997 4088 1031 4143 et
1041 4075 1138 4166 passi
1151 4090 1229 4144 surrt
1243 4098 1320 4145 enm
1334 4077 1507 4162 excidere,
1523 4099 1600 4147 eam

279 4179 373 4249 elabi
404 4179 573 4269 undisque
604 4179 735 4271 shripi;
764 4204 798 4249 v.
823 4186 866 4249 33
896 4193 928 4248 et
958 4202 1035 4248 cum
1060 4183 1126 4249 luc
1150 4181 1317 4273 inciperet
1337 4183 1429 4274 fieri,
1456 4182 1600 4275 roquiut

279 4291 445 4376 παρεκάλει
474 4286 678 4355 hortubatur
708 4287 797 4378 (gig)
829 4285 959 4354 Paulus
993 4309 1109 4355 omnes
1138 4311 1272 4385 suasere
1299 4288 1414 4357 eitum
1443 4289 1560 4359 dicens
1587 4311 1599 4358 .·

280 4405 407 4483 qrmrta
430 4392 564 4460 decimu
586 4392 643 4460 ulie
668 4391 769 4460 lodie
791 4405 1023 4484 exspectantes
1052 4416 1137 4486 prae
1159 4395 1412 4486 exspectatione
1438 4402 1601 4488 metuque

280 4498 366 4587 quid
396 4498 536 4566 tandem
560 4499 733 4567 saeviente
762 4498 926 4567 continuo
949 4501 1100 4591 procelle
1127 4508 1334 4569 eventurum
1362 4507 1467 4585 esset,
1491 4502 1603 4594 ieiuni

275 4605 486 4693 perneenetis
503 4613 594 4675 ἄαται
607 4605 680 4673 siue
692 4605 780 4688 cibo,
798 4604 890 4673 nihil
899 4606 1128 4698 accipientes;
1142 4605 1360 4697 hyperbolen
1374 4607 1475 4677 facile
1491 4629 1601 4696 agno·
