4054 5442
257 344 318 405 378
793 363 862 409 scr.
883 345 1039 419 nesso.

259 492 342 562 dere
373 493 470 584 plebi
494 494 653 579 rsbidae3
679 517 786 585 quare
811 495 934 563 Paulus
957 495 1032 562 iure
1065 516 1127 562 suo
1156 492 1284 575 utitur3
1310 512 1343 556 v.
1371 495 1415 558 25
1445 503 1478 558 et
1504 515 1582 559 arna

258 599 499 670 astrinxissent
514 624 593 670 eam
613 600 694 668 loris
709 608 870 687 προτείνειν
885 600 1032 688 expliea3
1051 622 1129 666 cum
1148 621 1229 666 eum
1245 598 1371 666 milites
1384 596 1582 687 protendis-

256 712 335 775 sent
348 707 393 776 ad
408 707 610 797 excipienda
624 705 700 772 lora
717 704 742 771 i.
755 727 784 770 e.
801 703 955 770 lororum
973 703 1122 771 verbera
1134 704 1233 792 (Bt),
1251 728 1332 773 cum
1348 726 1429 772 eum
1442 709 1582 794 proten-

257 809 388 879 dissent
404 812 586 880 columnae
608 808 653 876 ad
666 808 933 896 flagellationem
953 807 1059 895 (Beel.
1071 812 1170 877 Patr.
1181 810 1269 877 Felt.
1284 811 1407 895 Weiss,
1426 808 1579 895 Weadt),

256 915 344 985 dicit
356 915 489 985 astanti
499 914 565 981 sibi
579 914 773 982 remarieai
786 915 915 982 Paulas
929 935 943 980 .·
957 915 988 983 si
1005 914 1177 981 homiaem
1192 917 1386 982 Romanam
1401 930 1435 983 et
1448 915 1582 983 indem-

256 1033 380 1089 natam
402 1020 481 1088 licet
503 1021 595 1087 vobis
617 1020 821 1111 stapellare?
843 1020 911 1088 duo
934 1028 1157 1111 monetquae
1176 1021 1369 1088 contraius
1388 1021 1504 1088 faeere
1525 1044 1582 1087 vo-

256 1128 333 1194 lunt
358 1145 366 1192 :
387 1126 461 1193 sine
481 1126 553 1194 ulla
571 1125 793 1217 inquisitione
819 1125 953 1217 punire,
976 1127 1086 1195 civem
1106 1148 1292 1195 romanum
1311 1126 1502 1214 flagellare.
1526 1130 1583 1193 ln·

256 1230 445 1318 terrogatio
469 1231 666 1301 subironica
684 1239 750 1314 est,
773 1232 997 1301 confidentiae
1016 1233 1119 1323 plena
1138 1232 1238 1323 (Bl.);
1260 1257 1293 1300 v.
1317 1239 1360 1301 26
1376 1255 1444 1324 qao
1459 1229 1581 1299 audito

259 1336 415 1405 amaria
435 1339 577 1408 accessit
595 1339 643 1407 ad
663 1340 839 1407 tritanum
860 1351 893 1406 et
910 1338 1088 1406 nuntiavit
1101 1337 1135 1405 ei
1148 1332 1270 1406 'diceas
1284 1362 1298 1405 .·
1316 1340 1396 1407 vide
1412 1338 1501 1429 (gig,
1519 1338 1580 1427 al.)

257 1442 350 1534 qaid
367 1456 507 1514 acturas
525 1447 584 1513 es?
604 1444 660 1513 hic
678 1445 772 1513 enim
789 1444 888 1512 bomo
907 1444 992 1513 civis
1007 1467 1170 1511 romanas
1181 1456 1251 1530 est,·
1264 1466 1338 1512 rem
1356 1454 1450 1513 certo
1469 1445 1583 1535 explo

127 1548 132 1553 ’
258 1571 338 1618 rare
363 1550 523 1619 tribunus
543 1549 632 1631 vult3
658 1573 692 1618 v.
721 1557 762 1618 57
788 1549 949 1619 accedens
971 1564 1087 1618 autem
1110 1550 1268 1617 tribunae
1293 1550 1386 1617 dicit
1412 1551 1467 1618 itti
1490 1572 1504 1616 .·
1525 1549 1582 1616 die

257 1655 361 1742 miti,
382 1655 415 1723 si
430 1668 468 1723 tu
485 1646 660 1724 Romanas
678 1658 736 1724 es?
756 1669 792 1724 at
812 1656 871 1725 ille
890 1657 979 1726 aaa
1000 1678 1013 1723 .·
1032 1657 1152 1741 etiam,
1172 1678 1251 1724 sum
1272 1657 1360 1744 (gig,
1382 1658 1434 1724 uti
1448 1659 1476 1724 Ι)
1491 1659 1580 1741 atam

256 1784 290 1828 v.
317 1766 361 1829 28
382 1773 416 1830 et
435 1761 614 1852 respondit
636 1762 812 1848 tatanus,
836 1784 940 1830 nexus
967 1763 1057 1830 inter
1076 1762 1171 1830 Pauli
1191 1762 1301 1831 verba
1319 1770 1353 1831 et
1373 1762 1509 1830 tribuni
1528 1784 1583 1829 re·

256 1866 477 1957 sponsionem
498 1867 588 1937 bene
607 1867 781 1936 indicatur
800 1868 915 1937 verbis
932 1869 1001 1936 illis
1022 1890 1111 1959 quae
1130 1867 1224 1937 Beda
1244 1890 1284 1936 ex
1302 1869 1413 1936 altera
1431 1869 1582 1936 editione

200 2048 206 2058 ,
255 1972 356 2042 affert
374 1980 409 2042 et
422 1974 548 2065 quibus
560 1977 736 2066 responsio
748 1973 880 2042 tribuni
891 1995 980 2065 quae
994 1977 1031 2041 in
1043 1981 1160 2043 nostro
1173 1982 1269 2043 textu
1283 1975 1435 2043 habetur
1448 1974 1583 2041 facilius

255 2078 469 2168 intelligitur
488 2104 496 2150 :
513 2086 586 2149 tam
598 2079 699 2148 facile
712 2079 797 2148 dieis
808 2080 917 2148 civem
934 2102 1116 2149 romanum
1130 2084 1223 2149 esse?
1239 2104 1303 2170 eqo
1320 2079 1433 2148 malta
1447 2102 1584 2147 sumata

257 2185 461 2255 civilitatem
486 2185 577 2255 banc
601 2200 797 2255 consecutus
814 2207 911 2273 sam,·
936 2208 1016 2254 cum
1044 2188 1137 2255 enim
1162 2188 1287 2255 Paulus
1314 2188 1466 2255 breviter
1490 2187 1583 2255 affir-

257 2298 399 2377 masset,
419 2291 505 2361 dicit
525 2314 533 2361 :
560 2292 686 2362 mirum
705 2299 739 2361 te
759 2292 935 2362 hominem
957 2293 1056 2361 nihili
1076 2299 1208 2363 anam
1231 2315 1304 2362 rem
1325 2302 1397 2361 tam
1418 2293 1516 2383 parvi
1534 2294 1583 2360 fa-

257 2420 348 2483 eere,
370 2420 476 2490 quam
489 2420 555 2487 ego
574 2398 682 2490 probe
697 2398 803 2467 sciam
821 2399 941 2490 quanti
955 2399 1043 2467 mihi
1057 2400 1248 2467 eonstiterit
1267 2400 1364 2489 (Bt).
1385 2405 1508 2467 Narrat
1521 2399 1583 2467 Dio

259 2502 389 2573 Cassius
410 2504 540 2596 (60,1·t)
560 2503 756 2573 vendidisse
774 2505 947 2574 civitatem
966 2527 1145 2573 romanam
1165 2506 1298 2573 Claudii
1318 2528 1462 2573 uxorem
1477 2505 1583 2573 liber-

256 2615 378 2701 tosque
401 2610 514 2702 primo
537 2631 680 2699 magno,
705 2617 826 2701 postea
848 2611 991 2679 minimo
1006 2611 1064 2701 (cl.
1087 2612 1174 2679 rete.
1193 2612 1282 2698 Bl.);
1301 2626 1333 2679 ct
1351 2612 1486 2680 Paulas
1502 2611 1582 2679 ait:

255 2736 318 2805 eqo
340 2727 458 2783 aretem
480 2727 513 2783 et
534 2729 638 2784 natas
660 2738 735 2784 sam
758 2716 1033 2799 atrismanus,
1054 2718 1091 2786 id
1115 2716 1210 2808 quod
1230 2718 1335 2785 etiam
1354 2717 1466 2808 pluris
1479 2717 1581 2785 aesti-

254 2821 422 2890 mandum
436 2828 503 2903 est3
518 2821 671 2891 breviter
684 2827 718 2892 et
731 2845 810 2891 cum
826 2822 993 2912 dignitate
1007 2823 1206 2914 respondet.

300 2932 373 3007 Qua
393 2926 526 2996 ratione
554 2933 652 3019 pater
667 2928 764 2997 Pauli
778 2951 839 2998 seu
854 2929 1000 2997 maiores
1016 2929 1189 2998 civitatem
1212 2952 1394 2999 romanam
1412 2929 1581 3020 acquisie-

252 3032 325 3125 rint
351 3032 545 3120 ignoratur.
569 3033 740 3103 Tribunus
764 3034 951 3103 affirmanti
981 3034 1087 3103 Paulo
1115 3035 1219 3102 sidem
1255 3036 1410 3104 adhibet.
1438 3038 1472 3103 Si
1504 3036 1582 3125 quis

251 3137 339 3207 falso
358 3138 425 3207 sibi
446 3138 651 3208 attribueret
670 3138 762 3208 bane
775 3139 963 3223 civitatem,
986 3163 1098 3231 poena
1119 3143 1239 3208 mortis
1260 3141 1464 3231 plectendus
1487 3147 1579 3216 erat;

252 3243 374 3312 scribit
387 3244 575 3313 Suetonius
596 3244 786 3316 :Claudius
801 3247 972 3314 civitatem
988 3268 1168 3314 romanam
1189 3256 1397 3337 usurpantes
1406 3250 1442 3315 in
1458 3268 1582 3337 campo

254 3349 426 3441 esquilino
439 3350 552 3419 securi
570 3350 740 3442 percussit
756 3351 929 3441 (Claudius
941 3353 1018 3440 25);
1034 3375 1065 3419 v.
1089 3359 1131 3418 ‘20
1141 3354 1307 3443 protinas·
1323 3378 1404 3443 erpo
1418 3353 1582 3421 ‹tisccssc-

254 3469 339 3524 rant
351 3458 394 3524 ab
410 3454 471 3525 illo
485 3455 548 3548 qai
559 3478 638 3524 eum
653 3457 777 3524 tortari
790 3470 908 3539 erant,⁰
921 3458 1079 3525 triburas
1099 3482 1237 3549 quoque
1262 3461 1381 3527 tiaurit
1393 3474 1582 3552 postquam

255 3561 395 3630 rescivit
413 3564 497 3653 qrtia
518 3562 603 3632 ciris
622 3586 783 3632 maranus
796 3579 880 3633 esset
899 3579 932 3632 rt
954 3565 1037 3655 qaia
1057 3565 1235 3655 telliqasset
1257 3589 1352 3654 rtrrtt,
1370 3575 1405 3635 et
1419 3569 1508 3635 bone
1523 3567 1583 3635 ad·

254 3668 350 3738 ditur
359 3667 452 3759 (vide
464 3668 639 3760 lectnur.)
651 3676 686 3738 et
696 3671 810 3737 statim
820 3670 919 3738 solvit
928 3693 1026 3754 cum;
1042 3671 1077 3737 id
1091 3672 1184 3761 quod
1197 3674 1302 3739 otiam
1315 3674 1410 3763 apud
1425 3672 1579 3742 Cassiod.

254 3781 428 3843 servatum
442 3781 494 3844 est
514 3795 523 3845 :
543 3805 559 3838 a
581 3797 650 3867 quo
666 3777 760 3844 dicto
778 3777 979 3868 perterritus
1001 3777 1104 3844 solvit
1125 3800 1203 3844 eum
1223 3788 1257 3845 et
1278 3779 1497 3847 imminentia
1512 3786 1582 3846 tor·

254 3885 373 3950 ments
385 3882 564 3973 suspendit
580 3910 613 3950 r.
636 3885 719 3951 Nam
738 3881 869 3950 faenus
889 3890 939 3950 est
956 3884 1083 3952 vincire
1098 3884 1208 3950 civem
1233 3906 1416 3952 romanum
1437 3886 1580 3975 (Cicero,

253 3992 347 4056 Verr.
368 3988 538 4077 2,5‚1·10);
555 3987 635 4057 vide
646 3988 691 4057 ad
707 3994 819 4074 1637.
835 3990 950 4058 blansit
965 3999 1078 4057 tamen
1104 3989 1231 4057 Paulus
1245 3990 1283 4059 in
1308 3993 1466 4061 custodia
1486 3992 1579 4060 mili-

254 4091 324 4162 tari
342 4093 385 4161 ad
400 4093 546 4161 militem
567 4099 689 4163 mans
706 4095 882 4184 alligetus3
901 4096 991 4164 unde
1006 4104 1124 4180 εέσμιες
1150 4106 1293 4165 vocatur
1309 4100 1445 4185 (ts,18;
1458 4104 1580 4179 MR

255 4205 373 4281 ΜΞ).
392 4197 515 4291 Bels.);
535 4200 580 4268 ci.
602 4205 721 4285 aare
737 4223 769 4268 v.
788 4208 831 4270 30
843 4215 979 4293 postera
994 4215 1111 4269 autem
1126 4202 1182 4270 die
1199 4204 1316 4270 coleris
1332 4205 1420 4271 seire
1431 4203 1583 4293 diliqert·

256 4306 326 4375 titis
342 4317 375 4377 ab
392 4308 542 4395 ἀσφαλές,
557 4310 659 4388 sust
674 4313 805 4376 eertum
820 4329 1040 4396 cognoscere,
1057 4332 1127 4400 qtca
1142 4331 1184 4376 er
1201 4331 1308 4376 causa
1322 4323 1544 4377 accresceretur
1558 4332 1580 4376 a

257 4412 407 4500 laedaris,
423 4411 525 4480 solcit
537 4413 647 4480 crema
665 4412 806 4481 militari
824 4436 960 4504 quoque
969 4414 1142 4496 custodia,
1160 4415 1209 4482 ita
1222 4422 1341 4483 utnon
1359 4416 1462 4484 alicui
1478 4416 1583 4484 militi

258 4518 422 4607 alligatas
440 4540 557 4588 coram
570 4517 732 4609 synedrio
750 4519 934 4603 sisteretur,
952 4534 984 4588 et
998 4521 1096 4588 iussit
1110 4521 1301 4589 sacerdotes
1315 4523 1497 4591 convenire
1511 4533 1582 4605 τεὺς

257 4627 411 4715 ἀρχιερεῖς
426 4637 459 4694 et
486 4647 586 4693 omae
601 4624 786 4693 concilium
808 4638 840 4695 :e
863 4636 1007 4715 συνέδριεν
1028 4639 1060 4695 et
1069 4626 1267 4716 prodrceeas
1283 4629 1437 4697 Paulam
1460 4631 1582 4697 statuit

257 4729 349 4798 inter
361 4730 442 4800 illos
453 4734 633 4822 καταγαγών
648 4730 721 4799 soil.
747 4754 787 4800 ex
799 4733 930 4815 castris,
950 4755 990 4801 ex
1011 4756 1090 4801 arce
1106 4733 1273 4801 deductus
1287 4742 1338 4803 est
1354 4738 1392 4804 in
1414 4736 1529 4805 locum
1545 4737 1582 4803 in
