4010 5474
1008 410 1075 455 nce.
1101 393 1254 465 renen.
1457 405 1459 410 ·
1622 381 1625 386 ’
1734 394 1793 456 aas

463 548 504 611 Et
526 542 571 612 ad
597 545 697 616 illum
716 523 852 626 locum,
877 564 983 633 quem
1003 550 1120 611 tamen
1141 539 1206 607 viri
1225 537 1341 606 ludaei
1358 560 1427 606 non
1442 559 1578 628 semper
1593 541 1789 630 vitaverint,
1822 598 1827 603 .
1848 605 1850 608 ,
1950 604 1979 639 γ,

462 650 586 720 Paulus
610 650 729 719 multis
749 649 872 717 diebus
901 647 977 718 sine
1003 647 1075 716 ulla
1099 645 1335 738 prohibitione
1351 640 1478 734 iverit?
1493 672 1510 707 n
1532 648 1620 713 llaec
1643 647 1675 713 ei
1696 648 1792 715 sulii·
1836 716 1840 723 ,
1885 652 1888 656 ’
1973 678 1982 688 ·

463 757 569 839 ciunt,
591 765 630 824 ut
648 779 682 824 v.
706 762 747 824 13
766 777 951 847 perperam
973 777 1047 824 esse
1065 755 1241 827 inscrtum,
1255 758 1289 820 et
1313 750 1423 820 simile
1446 750 1532 842 quid
1555 750 1591 818 in
1606 773 1639 819 ν.
1664 759 1706 819 16
1722 776 1793 821 esse

461 862 596 950 illatum
611 861 772 932 allirmet.
794 867 931 948 Nonne,
947 862 977 930 si
990 863 1060 931 scio
1074 860 1227 951 aliquem
1242 865 1335 926 certa
1347 857 1403 925 via
1417 857 1527 925 solere
1542 859 1701 946 ingredi,
1718 864 1793 927 tum

461 968 601 1036 demum
624 967 792 1037 facillime
812 990 953 1060 possum
974 967 1007 1036 ei
1023 967 1162 1034 obviam
1175 964 1317 1034 venire?
1335 963 1501 1053 Philippis
1515 966 1706 1054 persecutio
1723 988 1794 1035 non
1902 970 1910 977 “
1933 1052 1940 1061 1
1965 1026 1983 1056 ,ς

461 1079 512 1141 est
535 1078 629 1142 mota
651 1097 673 1144 a
697 1075 850 1160 ludaeis3
878 1072 974 1142 unde
998 1072 1078 1140 illos
1097 1071 1152 1140 vel
1174 1092 1303 1173 paucos
1320 1070 1421 1138 luisse
1441 1070 1494 1137 vel
1513 1066 1585 1139 no'n
1605 1070 1794 1140 malevolos
1840 1146 1846 1153 .
1972 1066 1975 1074 ’

402 1226 406 1234 -
461 1179 647 1268 colligitur.
674 1181 823 1250 Proinde
843 1181 949 1248 etiam
972 1178 1100 1248 Paulus
1118 1178 1193 1247 sine
1216 1178 1289 1245 ullo
1308 1175 1555 1287 impedimento
1575 1177 1691 1246 locum
1715 1200 1792 1247 ora·
1922 1202 1925 1205 ’

460 1285 566 1355 tionis
580 1288 678 1356 adire
691 1291 831 1378 poterat
844 1286 891 1355 ad
904 1286 1099 1378 proselytos
1111 1285 1298 1353 docendos.
1870 1355 1871 1359 ,

505 1392 659 1460 Christus
669 1393 783 1461 noluit
795 1392 1036 1462 commendari
1051 1391 1270 1473 adaemonc;
1287 1389 1370 1457 item
1385 1388 1526 1470 Paulus;
1543 1388 1662 1458 dolens
1675 1403 1793 1458 autem
1859 1483 1861 1487 y
1922 1424 1924 1429 ⁴

435 1527 438 1531 ’
462 1496 592 1566 Paulus
609 1507 797 1584 διαπονηθείς
809 1498 833 1567 i.
849 1522 880 1567 e.
896 1504 1026 1585 κινηθεὶς
1042 1504 1092 1568 καὶ
1105 1505 1239 1587 δηχθείς,
1256 1497 1377 1587 (Oea),
1392 1501 1580 1565 commotus
1591 1503 1626 1565 et
1634 1497 1791 1565 molestia

460 1604 559 1694 quasi
573 1626 724 1688 morsus;
738 1605 927 1692 indignum
943 1609 1029 1689 erat,
1047 1612 1086 1674 ut
1099 1604 1246 1672 verbum
1256 1603 1427 1691 evangelii
1440 1602 1579 1692 spiritus
1587 1598 1791 1671 immundus

461 1711 685 1781 annuntiaret
707 1711 829 1802 (Beda)
853 1724 888 1780 et
908 1734 1090 1780 conuersus
1106 1709 1251 1801 spiritui
1265 1708 1358 1777 dicit
1372 1730 1386 1774 .·
1400 1707 1577 1800 praecipio
1593 1708 1656 1777 tibi
1674 1708 1711 1777 in
1726 1697 1789 1777 no·¹
1814 1704 1825 1760 '=

460 1817 553 1885 mine
572 1819 649 1887 Iesu
674 1818 804 1887 utristi
823 1818 917 1887 exire
938 1819 983 1894 ab,
1000 1839 1058 1904 ec,
1075 1830 1109 1885 et
1128 1815 1213 1884 exiit
1225 1815 1344 1885 ecdem
1360 1815 1460 1903 dora,
1477 1814 1592 1885 stetini
1609 1814 1733 1909 (εὐθέως
1748 1816 1796 1908 [ll
1845 1856 1853 1871 .

460 1923 552 1991 exiit.
584 1925 679 1993 Unde
711 1923 856 1993 evidens
879 1929 1025 1993 estnon
1053 1928 1164 1992 artem
1185 1922 1283 1990 illam
1306 1923 1603 2014 ventriloquorum
1625 1922 1785 2012 intelligi,

460 2051 550 2119 quae
566 2050 611 2098 ne
632 2029 679 2098 ad
693 2030 1104 2121 divinationemquidem
1125 2046 1190 2120 per
1201 2051 1237 2098 se
1252 2030 1391 2113 valeret,
1407 2028 1467 2098 scd
1479 2018 1710 2098 obsessionem
1729 2051 1789 2098 seu

460 2136 711 2224 possessionem
730 2135 1008 2206 daemoniacam.
1023 2140 1107 2206 Nam
1123 2135 1169 2203 ad
1185 2136 1332 2204 verbum
1345 2135 1441 2203 Pauli
1452 2135 1580 2203 ancilla
1598 2134 1668 2203 iam
1686 2134 1789 2225 plane
1895 2184 1899 2189 ·
1983 2159 1986 2163 ·

460 2240 624 2310 destituta
650 2249 702 2311 est
726 2245 845 2334 priore
868 2242 931 2311 illa
955 2241 1137 2312 divinandi
1163 2241 1343 2324 facultate}
1370 2263 1402 2309 v.
1432 2248 1480 2309 19,
1500 2238 1653 2309 videntes
1673 2253 1791 2310 cutem

461 2345 597 2416 domini
612 2347 686 2417 eius
702 2348 922 2440 quiescerit,
942 2350 994 2416 uti
1005 2348 1156 2430 daemon
1173 2347 1288 2431 exivit,
1301 2369 1376 2439 spes
1394 2360 1557 2439 quaestus
1569 2369 1686 2416 comm
1691 2367 1711 2436 ,ἦ
1720 2347 1791 2443 iam

461 2453 553 2522 enim
568 2476 640 2523 non
653 2461 800 2547 poterat,
817 2455 874 2526 uti
892 2459 1009 2543 antea,
1027 2476 1092 2547 ope
1106 2453 1287 2522 daemonis
1300 2454 1344 2522 de
1362 2453 1514 2539 occultis,
1534 2453 1577 2522 de
1595 2454 1791 2523 absentium

461 2561 562 2642 actis,
588 2561 632 2629 de
656 2561 761 2630 rebus
784 2558 1006 2644 amissis‚'de
1027 2560 1128 2629 furtis
1148 2559 1359 2651 respondere
1383 2566 1417 2627 et
1435 2559 1479 2626 de
1498 2558 1666 2627 eiusmodi
1690 2559 1792 2628 rebus

461 2685 547 2756 quas
573 2666 701 2754 vulgus
724 2690 746 2736 a
768 2666 1091 2759 praestigiatoribus
1117 2670 1236 2757 petere
1260 2665 1346 2733 solet
1369 2666 1425 2755 (cl.
1456 2663 1576 2756 teet),
1603 2663 1793 2757 apprehen-

462 2770 579 2840 dentes
594 2772 747 2842 Pculum
765 2785 800 2842 et
818 2772 930 2842 Silam
945 2771 1187 2864 perduxerunt
1207 2771 1245 2839 in
1261 2772 1381 2863 [orum
1394 2770 1443 2839 od
1450 2770 1629 2863 principes
1644 2768 1790 2862 ἄρχοντες

461 2878 522 2971 qui
547 2881 664 2947 statim
691 2881 835 2948 nomine
862 2880 1019 2948 muneris
1042 2888 1216 2968 στρατηγοί,
1239 2883 1415 2968 praetores
1439 2877 1611 2962 dicuntur,
1634 2882 1735 2946 erant
1751 2878 1790 2946 in

460 2984 660 3075 municipiis
680 2990 716 3053 et
738 2985 886 3053 coloniis
906 2984 1085 3054 duumviri
1102 2984 1171 3051 iuri
1196 2982 1359 3066 dicundo,
1381 2983 1441 3074 qui
1456 2988 1632 3074 praetores
1651 3007 1789 3075 quoque

460 3090 729 3181 appellabantur
750 3088 818 3182 (cl.
839 3090 970 3173 Cicero,
998 3089 1042 3157 de
1061 3089 1139 3178 lege
1163 3111 1239 3178 agr.
1266 3093 1307 3174 11,
1329 3094 1388 3172 3l3
1414 3088 1625 3179 Viqourouc‚
1645 3094 1790 3159 LcNou·

460 3218 548 3265 vesu
569 3202 656 3266 Test.
677 3204 712 3266 et
724 3198 775 3266 les
788 3197 1011 3266 decouverles
1029 3195 1196 3277 archeol„
1222 3218 1258 3287 p.
1281 3194 1373 3287 205).
1395 3195 1434 3263 vi
1452 3200 1486 3264 et
1501 3195 1632 3285 impetu
1647 3201 1788 3266 εἵλκυσαν

461 3307 701 3394 pertraxerunt
727 3304 804 3395 (gig
824 3301 1015 3400 trusum)
1036 3324 1094 3372 eos
1117 3301 1161 3370 ad
1180 3307 1366 3394 praetores.
1389 3307 1482 3399 *llaec
1503 3303 1615 3392 prima
1636 3325 1789 3372 recense-

460 3416 516 3477 tur
536 3410 729 3501 persecutio
748 3431 770 3479 a
789 3408 977 3498 gentilibus
996 3408 1156 3493 excitata,
1178 3430 1248 3476 nou
1267 3409 1428 3500 primarie
1448 3408 1494 3476 ob
1512 3408 1631 3477 odium
1646 3408 1788 3497 religio·

459 3516 528 3599 nis,
545 3515 604 3585 sed
619 3516 664 3599 ob
678 3515 768 3585 iram
784 3520 820 3584 et
831 3514 1112 3604 indignationem
1126 3513 1170 3583 de
1185 3513 1274 3583 lucri
1287 3515 1504 3584 detrimento.

506 3626 628 3690 Verum
638 3644 709 3713 quo
722 3621 849 3691 certius
863 3622 917 3690 illi
924 3643 1025 3690 suam
1037 3622 1073 3688 in
1086 3643 1144 3689 eos
1155 3620 1314 3712 expleant
1328 3621 1526 3706 vindictam,
1537 3621 1790 3690 accusationem

460 3726 540 3797 odio
555 3729 718 3821 populari
738 3735 772 3797 et
785 3728 938 3820 quadam
948 3728 1229 3819 legitimaspecie
1240 3728 1404 3811 vestiunt,
1417 3728 1478 3797 sed
1490 3733 1603 3797 tacent
1617 3750 1681 3796 cur
1694 3750 1790 3796 nunc

460 3835 708 3905 tandemtanto
717 3836 832 3906 studio
847 3833 997 3903 tuendae
1009 3833 1188 3923 dignitatis
1196 3856 1360 3903 romanae
1370 3834 1555 3927 legumque
1565 3845 1789 3903 romanarum

460 3940 736 4025 inflammentur3
757 3965 790 4010 v.
812 3948 855 4009 20
880 3954 914 4009 et
938 3942 1121 4034 offerentes
1140 3963 1196 4010 eos
1217 3940 1478 4032 moqistratibus
1504 3957 1568 4024 τοῖς
1590 3958 1787 4032 στρατηγοῖς,

459 4047 693 4138 praetoribus,
716 4047 881 4116 dixerunt
903 4070 917 4115 .·
941 4047 982 4116 ti
1008 4046 1162 4116 domines
1195 4046 1397 4116 conturbant
1421 4047 1595 4117 ciuitatem
1616 4060 1786 4136 nostrum,

460 4177 538 4223 cum
554 4155 625 4223 sint
644 4153 791 4241 Iudoei‚·
812 4153 858 4223 ad
877 4154 997 4224 odium
1021 4154 1172 4223 nominis
1193 4152 1311 4223 ludaei
1327 4161 1516 4246 provocant
1533 4178 1574 4223 eo
1590 4154 1721 4223 maiore
1738 4156 1789 4224 cf·

459 4263 567 4344 iectu,
592 4261 678 4354 quia
699 4259 863 4330 Claudius
892 4260 1036 4331 ludaeos
1062 4261 1196 4329 assidue
1210 4262 1459 4330 tumultuantes
1477 4265 1585 4329 Roma
1607 4261 1788 4352 expulerat

462 4368 520 4458 (el.
551 4367 661 4459 18‚2);
687 4373 840 4436 ceterum
861 4388 947 4454 gens
966 4366 1107 4436 iudaice
1133 4369 1296 4436 Romanis
1315 4368 1424 4436 inuisa
1441 4373 1531 4452 crat3
1549 4368 1652 4434 etiam
1669 4366 1786 4435 Cicero

461 4474 630 4542 barbarae
649 4473 904 4565 superstitionis
916 4472 1061 4542 ludaeos
1073 4479 1211 4542 accusat
1226 4473 1416 4565 urbemque
1430 4473 1663 4563 Hierosolyma
1675 4474 1787 4566 suspi-

461 4580 588 4648 ciosam
607 4602 648 4649 ac
668 4580 873 4650 maledicam
893 4578 1066 4649 civitatem
1090 4579 1247 4672 appellat
1266 4583 1329 4670 (or.
1352 4603 1416 4671 pro
1440 4581 1528 4649 Flac.
1547 4579 1623 4671 28);
1645 4603 1678 4649 v.
1695 4588 1736 4648 ut
1754 4592 1788 4648 et

461 4687 678 4755 consentiunt
696 4709 826 4756 morem
842 4709 944 4778 quem
962 4709 1033 4755 non
1051 4687 1129 4755 lieet
1142 4687 1239 4755 nodis
1252 4687 1424 4779 suscipere
1438 4710 1550 4779 aeque
1557 4686 1693 4775 sotere,
1709 4709 1786 4755 eum

460 4793 568 4862 simus
588 4794 736 4863 Romani
740 4814 757 4881 ,·
773 4794 857 4862 urbs
880 4801 956 4862 erat
977 4792 1111 4863 colonia
1128 4794 1173 4885 (v.
1203 4794 1278 4885 ta);
1310 4816 1416 4885 quare
1445 4799 1637 4864 Romanum
1658 4816 1787 4864 nomen
