4010 5474
230 273 294 334 330
773 289 839 333 scr.
864 273 1022 346 {att-18.

229 432 347 488 antem
369 431 491 487 notum
508 420 713 509 factumest
736 421 892 488 omnibns
910 407 1049 488 ludaeis
1069 430 1173 510 atque
1195 413 1384 507 gentilibus
1401 417 1554 499 Ἕλλησιν

229 527 367 626 Eraecis
382 526 474 618 (gig)
487 528 552 618 qni
565 526 768 595 habitabunt
783 526 909 615 Ephesi
920 538 953 594 et
965 523 1091 594 cecidit
1108 525 1212 592 timor
1228 542 1331 614 snper
1344 541 1461 588 omnes
1477 518 1555 586 illos

229 634 401 704 malitiam
416 657 458 703 ac
472 634 664 725 potentiam
682 631 889 698 daemonum
908 631 1065 722 exemplo
1085 630 1147 698 illo
1166 629 1413 720 perspicientes
1432 637 1466 695 et
1483 647 1555 693 ma·

227 742 462 833 gnificobotnr
476 758 602 806 nomen
616 734 757 803 Domini
770 737 863 812 fesn,
880 735 976 802 cuius
992 735 1062 802 vim
1081 757 1122 802 ao
1144 736 1306 802 virtutem
1327 736 1394 825 ipsi
1415 733 1553 801 daemo-

228 870 291 916 nes
305 846 450 938 professi
471 843 540 909 sint
562 845 597 908 et
614 841 713 907 cuius
732 840 882 907 nominis
898 839 1025 907 iniusta
1038 839 1215 930 usurpatio
1230 840 1333 907 modo
1351 839 1500 908 terribili
1513 838 1557 906 sit

228 953 364 1046 punita.
390 946 485 1017 Unde
509 946 614 1015 huius
637 946 788 1012 nominis
810 944 1014 1033 dignitatem
1040 944 1258 1013 extollebant.
1283 943 1400 1012 Altera
1421 946 1554 1012 utilitas

230 1054 453 1126 redundabat
472 1051 509 1119 in
527 1052 622 1144 ipsos
643 1051 762 1121 fideles
787 1052 927 1135 multos,
951 1053 1011 1143 qui
1034 1052 1150 1121 minus
1171 1072 1320 1142 eousque
1343 1049 1410 1116 sibi
1428 1049 1556 1117 conscii

229 1165 328 1231 erant
349 1159 438 1251 quid
459 1158 616 1228 criminis
639 1165 725 1227 esset
746 1158 897 1248 magicas
921 1166 1011 1228 artes
1029 1159 1116 1227 adeo
1140 1159 1208 1227 late
1229 1156 1354 1249 Ephesi
1371 1160 1557 1244 regnantes

121 1344 127 1351 ,
228 1266 373 1350 secteri3
399 1288 499 1336 casus
521 1266 581 1334 ille
604 1263 756 1333 filiorum
780 1270 907 1333 scevae
932 1287 1018 1355 quos
1040 1264 1145 1332 homo
1169 1285 1191 1332 a
1213 1264 1381 1333 daemone
1404 1263 1557 1350 agitatus

229 1373 320 1442 male
332 1371 513 1441 mulctavit
526 1370 697 1439 cautiores
709 1370 787 1437 illos
801 1370 882 1438 fecit
895 1369 1038 1460 (Gclm.)
1053 1392 1086 1436 v.
1105 1378 1146 1439 18
1161 1369 1333 1460 multique
1345 1367 1556 1438 credentium

228 1477 412 1548 veniebant
425 1477 626 1565 confitentes
645 1487 678 1543 et
694 1475 942 1544 annuntiantes
959 1488 1056 1543 octus
1074 1497 1151 1543 suos
1164 1479 1218 1555 τὰς
1236 1480 1361 1563 πράξεις
1374 1475 1449 1541 scil.
1465 1496 1556 1564 quae

42 1582 74 1644 '·
157 1616 161 1621 ·
228 1585 314 1655 artis
339 1583 495 1671 magicae
518 1581 730 1673 professione
750 1582 990 1650 commiserant
1018 1579 1183 1673 (Culm.)¹
1202 1580 1356 1648 cf.inv.
1380 1582 1476 1648 191&
1498 1608 1554 1648 πε·

230 1699 337 1780 ρίεργα
348 1692 545 1777 reciderem
559 1686 652 1755 unde
666 1709 735 1776 syr.
751 1686 949 1755 confitentes
962 1692 1186 1778 peccatasua.
1200 1686 1375 1755 ludicatur
1389 1685 1557 1753 confessio

227 1800 369 1865 actuum
391 1792 672 1884 particularium,
686 1793 737 1860 uti
760 1799 869 1883 patet,
888 1815 956 1861 non
980 1792 1154 1862 accusatio
1177 1791 1347 1883 quaedam
1369 1791 1553 1880 generalis.

227 1900 295 1971 Sed
316 1904 435 1969 utrum
452 1900 540 1968 haec
559 1898 652 1968 faeta
665 1898 710 1967 sit
732 1906 880 1985 secreto,
900 1921 943 1967 an
960 1898 1117 1992 publice,
1133 1920 1202 1968 non
1219 1897 1409 1978 indicatum
1425 1895 1557 1988 pariter

226 2007 376 2077 fueritne
392 2004 562 2075 confessio
577 2005 852 2088 sacramentalis,
869 2003 1047 2073 dissidium
1066 2011 1116 2074 est
1133 2006 1398 2089 sententiarum,
1418 2003 1474 2072 cui
1490 2001 1557 2071 tol·
1635 2077 1642 2083 ,

228 2113 333 2182 leudo
348 2116 463 2181 textus
476 2112 664 2200 ambiguus
677 2110 767 2179 nihil
782 2111 914 2180 confert
932 2112 1084 2202 (dalmi,

272 2224 346 2287 fluo
375 2223 471 2286 certa
493 2224 573 2285 sunt
599 2235 608 2285 t
632 2239 825 2307 expressam
856 2217 913 2286 hic
937 2218 1062 2286 haberi
1084 2223 1213 2287 certam
1241 2222 1476 2307 assertamque
1497 2226 1556 2286 τῶν

229 2329 368 2414 πράξεων
388 2322 639 2392 confessionem
654 2320 760 2412 (quod
778 2322 862 2391 olim
883 2324 1053 2393 Eutherus
1070 2323 1203 2392 voluit:
1220 2323 1465 2391 annuntiantes
1488 2321 1555 2389 mi·

231 2429 349 2500 racula
368 2451 447 2511 suu,
463 2429 534 2497 iam
553 2428 709 2496 omnium
726 2449 895 2497 consensu
915 2429 1092 2519 explosum
1112 2430 1189 2518 est),
1207 2433 1241 2496 et
1260 2433 1445 2497 sclistron
1469 2455 1557 2497 πεπι-

230 2542 397 2606 neonium
410 2557 484 2603 esse
499 2535 560 2626 qui
578 2533 696 2602 fideles
708 2533 780 2601 iam
791 2533 872 2601 facti
887 2542 985 2602 erant
998 2540 1112 2617 antea,
1129 2555 1198 2602 non
1210 2555 1268 2602 eos
1285 2534 1346 2625 qui
1361 2555 1402 2602 eo
1416 2533 1556 2606 demum
1676 2536 1680 2541 “

229 2646 359 2709 eventu
382 2639 541 2709 conversi
567 2645 691 2709 essent.
715 2644 765 2707 Ite
789 2639 833 2708 de
859 2639 1019 2709 fidelibus
1042 2639 1215 2731 explicant
1239 2638 1319 2710 Cirr.
1344 2641 1420 2708 Oec.
1443 2637 1553 2708 Safm.

234 2749 316 2838 Lep.
335 2745 446 2816 Calm.
462 2744 577 2832 Helue,
594 2745 683 2814 Felt.
698 2745 788 2814 Bels.
807 2745 859 2815 ΒΖ.
883 2745 991 2815 Weiss
1004 2752 1069 2816 ete.
1091 2749 1194 2829 Nam,
1216 2750 1254 2814 ut
1274 2748 1356 2837 lup.
1372 2749 1484 2826 notat,
1498 2743 1557 2812 hic

230 2852 437 2940 designatur
460 2851 549 2919 alter
567 2852 723 2935 effeetus,
741 2873 844 2943 quem
863 2853 1014 2921 consevit
1030 2850 1225 2940 ignominia
1243 2856 1277 2920 et
1293 2850 1401 2943 plaga
1424 2848 1558 2919 ludaeis

230 2956 407 3026 exorcistis
430 2956 545 3038 illata3
570 2958 609 3026 in
631 2978 731 3025 versu
751 2955 844 3025 enim
867 2957 1085 3048 praecedenti
1104 2956 1232 3026 dicitur
1246 2957 1341 3049 apud
1361 2956 1504 3025 ludaeos
1521 2962 1556 3025 et

230 3066 376 3132 Graecos
397 3063 562 3131 timorem
585 3084 657 3132 esse
681 3064 865 3131 excitatum
885 3068 919 3130 et
941 3062 1082 3132 laudem
1100 3062 1250 3130 nominis
1273 3068 1365 3145 fesu3
1390 3060 1449 3130 hic
1472 3083 1556 3130 vero

229 3156 343 3238 sermo
363 3167 402 3236 iit
416 3167 460 3237 de
480 3167 713 3237 credentibus.
728 3172 844 3258 Neque
858 3167 930 3236 ulla
944 3169 982 3234 lit
1001 3167 1129 3236 mentio
1147 3189 1206 3235 eos
1227 3189 1321 3235 nuuc
1342 3167 1482 3236 tandem
1500 3167 1554 3235 in·

229 3275 359 3365 cepisse
387 3273 547 3357 credere,
570 3274 624 3342 cui
645 3272 836 3365 acceptioni
863 3274 1001 3365 insuper
1025 3273 1137 3341 obstat
1162 3279 1413 3344 sternentem.
1437 3276 1554 3365 Neque

230 3381 317 3449 adeo
331 3379 458 3449 mirum
474 3379 584 3448 videri
599 3379 703 3449 debet
713 3379 750 3448 in
764 3384 859 3447 tanta
875 3379 1009 3468 magiae
1024 3402 1063 3447 ac
1077 3378 1330 3471 superstitionis
1340 3378 1557 3447 abundantia

231 3509 321 3577 quae
340 3491 415 3556 erat
436 3487 561 3578 Ephesi
580 3485 685 3554 etiam
702 3486 824 3557 multos
847 3484 1002 3553 fidelium
1016 3507 1085 3553 non
1104 3485 1219 3554 stetim
1240 3485 1286 3553 ab
1308 3483 1470 3553 omnibus
1483 3484 1557 3553 istis

230 3615 265 3661 se
279 3591 502 3683 expedivisse.
525 3591 636 3659 llabes
648 3590 761 3659 similo
775 3589 867 3681 apud
883 3591 1088 3673 Corinthios,
1106 3612 1253 3681 quorum
1275 3590 1402 3658 multos
1414 3591 1448 3657 in
1460 3594 1557 3658 unta
1628 3675 1636 3689 .

231 3720 369 3767 morum
395 3697 616 3787 corruptione
639 3698 744 3765 etiam
770 3697 867 3783 luget
897 3696 1072 3788 apostolus
1095 3696 1157 3787 qui
1182 3717 1253 3764 non
1277 3697 1415 3784 egerint
1435 3695 1550 3785 poeni·

231 3804 394 3886 tentiam,
414 3825 520 3894 super
540 3802 762 3871 immunditia
779 3808 812 3871 et
831 3801 1055 3870 fornicatione
1078 3803 1114 3891 (ἓ
1128 3805 1205 3871 Cor.
1225 3801 1353 3893 1221).
1376 3799 1412 3868 si
1436 3800 1555 3891 itaque

231 3908 318 3977 tales
341 3914 442 3976 erant
471 3908 643 3995 Corinthi,
664 3907 787 3999 Ephesi
808 3907 892 3976 alios
911 3929 989 3976 suaa
1008 3913 1133 3997 πράξεις
1153 3929 1225 3976 non
1249 3909 1363 3976 statim
1387 3904 1556 3976 dimisisse

231 4013 485 4106 superstitiosas
503 4020 539 4083 et
553 4015 643 4083 forte
654 4014 758 4082 ctiam
771 4021 990 4105 quaestuosas
1004 4014 1106 4082 facile
1121 4012 1323 4097 crediderim
1337 4011 1555 4104 nequeenim

232 4141 312 4188 cum
340 4117 430 4189 Beef.
452 4122 550 4189 Patr.
567 4120 611 4188 de
632 4120 746 4189 nescio
767 4120 893 4212 quibus
913 4120 1004 4189 vitiis
1024 4127 1058 4189 et
1076 4119 1220 4209 flagitiis
1243 4119 1467 4208 cogitandum
1486 4123 1553 4202 ert,

268 4356 290 4400 t.
305 4352 363 4402 Non
381 4348 433 4401 erit
449 4347 495 4399 abs
510 4360 538 4400 re
557 4351 657 4409 rouro,
672 4352 805 4416 praecepta
819 4348 915 4413 magica
931 4348 965 4400 ad
984 4348 1086 4400 morbos
1104 4346 1233 4400 curandos
1246 4347 1279 4413 (sl
1296 4347 1346 4399 hoc
1361 4345 1403 4398 vel
1423 4344 1469 4398 illo
1485 4344 1556 4399 nelo

235 4428 346 4491 laboras,
361 4429 404 4481 teo
412 4428 480 4494 etc.)
495 4441 563 4494 quac
576 4428 603 4479 lu
615 4431 730 4494 tempto
740 4428 844 4480 furente
856 4431 916 4479 sunt
928 4426 1034 4482 fuwrfbl
1047 4430 1138 4493 πρᾶξις,
1155 4427 1223 4479 unde
1238 4428 1322 4496 apetie
1333 4425 1439 4479 tuduem
1450 4425 1556 4479 videtm

236 4509 369 4560 cottonem
390 4508 520 4575 praecepti
541 4507 633 4573 mugiet
651 4508 691 4559 vet
711 4508 815 4560 remedii
837 4508 924 4559 arcent
947 4506 991 4573 (cf.
1015 4507 1184 4561 Fleckeisen's
1201 4505 1361 4559 tanhusun
1385 4504 1556 4559 eunucus

236 4586 386 4653 Philebus,
407 4586 644 4654 snpplementbauu
668 4588 728 4638 -xvf
750 4602 775 4653 p.
800 4588 864 4651 7⁴9).
889 4590 960 4647 Quae
986 4588 1057 4640 notfo
1078 4587 1111 4638 ad
1134 4584 1395 4650 uamtlonemmtis
1414 4598 1555 4651 congruere

236 4666 350 4719 videtur.
661 4685 668 4695 ·
