4154 5452
1095 428 1165 475 scr.
1189 411 1288 483 9,”1-9.
1791 415 1848 477 163

529 560 637 622 Weizs.
655 577 787 640 quoque
802 566 898 642 negat
915 564 1022 625 lesum
1042 563 1075 622 in
1095 561 1199 621 forma
1217 557 1360 618 humana
1378 574 1452 619 vere
1472 558 1579 620 visum
1600 576 1671 622 esse
1690 579 1709 621 a
1732 565 1846 637 Paulo,

522 661 605 723 sicut
628 658 778 721 hodierni
801 660 1034 731 rationalistae,
1058 654 1335 735 quemadmodum
1357 656 1556 734 corporalem
1579 660 1847 723 resurrectionem

519 758 590 819 lesu
609 759 743 835 negant,
765 757 864 819 eiiam
883 759 922 820 ah
943 755 1097 835 apostolis
1118 753 1227 814 lesum
1246 769 1316 813 esse
1335 769 1445 814 revera
1460 753 1566 815 visum
1585 759 1719 833 negant;
1737 756 1845 819 lesum

520 860 688 933 tamquam
702 858 808 930 πνεῦμα
821 856 951 921 vivere,
964 856 998 914 et
1011 852 1055 911 ita
1069 851 1110 911 ab
1128 849 1284 930 apostolis
1301 866 1372 912 esse
1392 851 1554 930 cognitum
1574 850 1745 913 affirmant.
1763 854 1847 915 Con·

520 951 626 1013 tendit
639 951 748 1031 itaque
773 950 883 1013 Weizs.
901 951 1000 1012 etiam
1020 949 1089 1008 Act.
1111 949 1164 1020 9,3
1184 949 1465 1022 crassensis
1485 948 1565 1010 nihil
1586 948 1674 1010 aliud
1693 948 1847 1012 aiilrmari

520 1066 617 1129 quam
632 1049 841 1130 splendorem
860 1049 941 1109 lucis
956 1062 1026 1107 csse
1042 1045 1165 1120 visum,
1181 1052 1213 1107 et
1227 1049 1319 1125 putat
1334 1044 1414 1108 nihil
1433 1046 1520 1108 aliud
1539 1046 1757 1109 existimatum
1775 1065 1847 1110 esse

521 1152 590 1208 tum
615 1149 772 1227 temporis
798 1144 938 1224 requiri,
964 1147 1000 1206 ut
1023 1144 1096 1222 quis
1119 1143 1203 1205 dicat
1224 1142 1388 1205 Christum
1412 1144 1596 1223 apparuisse
1620 1144 1673 1225 (ci.
1699 1146 1845 1225 Apostol.

407 1246 410 1251 ’
521 1245 671 1307 Zeitalter
685 1248 704 1306 θ
719 1245 770 1305 ed.
783 1261 817 1323 p·
833 1239 955 1322 til-75).

560 1345 680 1404 Notant
696 1339 795 1402 δοίην.
818 1336 919 1400 Catm.
936 1336 1031 1400 Hoie'
1043 1338 1184 1419 pictores
1203 1354 1353 1417 peccare,
1369 1338 1447 1399 dum
1463 1337 1598 1399 Paulum
1618 1357 1702 1417 equo
1720 1345 1848 1404 rectum
1958 1334 1964 1344 ‘

519 1441 771 1519 repraesentent.
793 1434 857 1498 Sed
879 1435 1013 1508 Saulus,
1035 1435 1237 1515 pharisaeus,
1259 1438 1345 1496 certe
1364 1434 1427 1497 iter
1444 1435 1579 1496 minime
1601 1435 1742 1498 instituit
1763 1455 1847 1516 equo

519 1539 641 1597 vectus.
658 1535 761 1595 Etiam
777 1534 871 1614 peius
887 1539 1000 1615 peccat
1019 1532 1167 1595 Galrinus
1187 1532 1244 1611 qui
1259 1536 1351 1613 putat
1369 1550 1377 1593 ι
1397 1532 1513 1595 Saulus
1533 1532 1588 1610 qui
1608 1538 1718 1611 sponte
1735 1535 1848 1596 ruehat

520 1636 631 1695 contra
653 1632 833 1705 Christum,
857 1650 945 1694 nunc
968 1630 1147 1692 invitusad
1170 1630 1365 1709 obsequium
1387 1630 1518 1712 cupitur.
1544 1631 1661 1691 Verum
1685 1648 1758 1694 eum
1783 1650 1847 1693 non

519 1731 618 1793 fuisse
634 1734 801 1804 coactum,
818 1735 889 1793 tum
904 1729 1052 1801 aliunde,
1070 1732 1140 1791 tum
1156 1746 1196 1790 ex
1210 1727 1280 1790 eius
1297 1727 1406 1790 verbis
1423 1729 1516 1802 26,i9
1530 1732 1618 1808 patet
1633 1745 1641 1789 :
1657 1729 1706 1789 οὐκ
1718 1728 1846 1810 ἐγινόμην

519 1826 630 1902 dutrii<
644 1832 678 1909 τῇ
693 1826 810 1910 οὐρανίῳ
823 1827 946 1909 ύνττασίορ
960 1826 1010 1907 [ef.
1025 1825 1112 1889 Beel.
1127 1824 1243 1906 Hales).

912 2047 937 2112 ρ)
952 2048 1063 2097 monins
1077 2012 1190 2096 mitum
1202 2049 1234 2095 ιι
1247 2046 1350 2095 aeuum
1363 2048 1464 2109 ηιοιι.

554 2238 630 2301 9,10.
655 2238 723 2290 Erat
751 2241 846 2290 autem
873 2198 988 2303 quidam
1014 2237 1169 2302 discipulus
1243 2232 1390 2298 9,1ο,’11ν
1418 2233 1445 2288 δι’
1470 2252 1507 2296 τις
1531 2230 1643 2305 μαθητὴς
1670 2232 1697 2288 ίν
1719 2234 1846 2306 Δαμασκῷ

519 2328 799 2390 υνινιονο1,ιιοιινιινο
819 2327 948 2378 Ananias
968 2331 1022 2377 :et
1040 2325 1111 2377 dixit
1132 2325 1169 2376 ad
1205 2319 1311 2392 ύνύριατι
1346 2318 1473 2391 Ἀνανίας,
1506 2321 1549 2376 καί
1578 2319 1649 2376 airus
1680 2323 1740 2395 πρὸς
1771 2322 1846 2378 αὗτύν

518 2418 597 2468 illurn
618 2419 646 2467 ln
663 2417 728 2468 risu
746 2416 907 2467 Dominus:
924 2415 1046 2466 Ananis.
1063 2403 1101 2466 111
1120 2414 1168 2465 111ο
1206 2408 1232 2462 ἐν
1255 2408 1363 2482 ύράρατι
1387 2410 1402 2464 θ
1425 2410 1524 2484 Κύριος,
1547 2408 1662 2466 Ἀνανία.
1680 2411 1696 2465 d
1717 2411 1744 2466 al
1763 2410 1845 2477 οἶτον,

518 2508 558 2558 alt
573 2520 579 2555 :
597 2506 670 2557 Ecce
685 2518 751 2571 ego,
768 2506 899 2567 Domine,
919 2504 961 2555 11.
978 2504 1013 2555 Et
1028 2504 1168 2555 Dominus
1208 2495 1276 2552 Ἰὃοθ
1307 2499 1374 2571 ipis,
1402 2499 1483 2571 Κύρνι.
1514 2504 1557 2556 11.
1585 2500 1651 2555 tal
1677 2500 1765 2572 Κύριος
1786 2501 1847 2572 νιρθς

519 2595 554 2646 od
577 2607 667 2647 eum:
693 2594 800 2659 Surge,
816 2598 846 2645 et
864 2592 938 2644 vade
956 2594 986 2643 in
1005 2593 1100 2643 vicum
1117 2592 1166 2657 qui
1205 2586 1291 2654 αύτθν,
1315 2588 1439 2655 Ἀνάστα,
1466 2588 1599 2660 πορεύθητι
1626 2588 1666 2643 inl
1692 2587 1738 2656 τὴν
1767 2589 1846 2663 θύρην

517 2687 636 2735 vocatur
657 2688 767 2744 rectum
789 2686 819 2733 et
839 2692 946 2746 quaere
963 2681 994 2730 tn
1014 2680 1099 2732 domo
1118 2680 1167 2731 iu·
1203 2674 1249 2744 τὴν
1276 2675 1432 2748 καλουμένην
1463 2675 1588 2745 Εύθεῖιινς
1610 2677 1653 2731 καλ
1679 2678 1789 2746 ζήτησον
1818 2676 1845 2732 ίν

517 2771 570 2823 dae
597 2771 717 2823 Satrium
744 2771 861 2822 nominc
886 2768 1076 2830 tarsensem:
1101 2782 1166 2821 ecce
1204 2763 1271 2837 οίνιίᾳ
1314 2762 1396 2819 Ἰούδα
1439 2764 1537 2819 Σαῦλον
1577 2764 1698 2839 ύνύρατι,
1735 2766 1843 2839 Ταρσέα.

517 2861 593 2912 enim
619 2862 691 2911 orat.
722 2859 762 2910 12.
791 2856 837 2927 (Et
863 2858 934 2909 vidit
967 2860 1060 2910 virum
1086 2859 1164 2908 Ana-
1205 2853 1259 2907 lach
1303 2852 1352 2926 γὰρ
1395 2853 1571 2927 προσεύχεται,
1613 2859 1655 2912 ii.
1693 2855 1736 2909 καί
1777 2853 1844 2912 τίδτν

516 2951 594 2999 niam
622 2947 752 3009 nomlne,
782 2948 989 3007 introeuntem,
1017 2947 1045 2997 et
1073 2947 1166 3010 impo-
1203 2942 1282 3013 ἄνδρα
1313 2940 1339 2997 ίν
1371 2942 1476 3015 ύρύματι
1502 2943 1619 2997 Ἀνανίαν
1650 2943 1757 3016 ύνύμιιτι
1791 2944 1846 3000 τίσ-

516 3039 631 3089 nentem
654 3037 708 3087 sihi
729 3048 835 3086 manus
856 3038 888 3086 ut
912 3036 1004 3086 visum
1024 3034 1166 3099 recipiat.)
1204 3030 1313 3086 ιλθύντα
1344 3031 1389 3085 zai
1424 3030 1536 3086 ίνιιθίντα
1571 3031 1638 3104 αύτῷ
1667 3032 1712 3097 τὰς
1741 3036 1842 3105 χοῖρος,

520 3125 562 3177 13.
579 3124 737 3190 Respondit
751 3125 847 3175 autem
865 3124 1012 3174 Ananias:
1028 3123 1164 3185 Domino,
1204 3120 1272 3183 θνανς
1302 3118 1439 3193 ἀναύλύψη.
1475 3123 1518 3177 13.
1548 3119 1667 3193 ἀπεκρίθη
1699 3120 1727 3176 di
1766 3120 1844 3177 Ἀνα-

516 3215 611 3267 audlvi
637 3227 657 3266 a
684 3213 782 3266 multis
810 3212 845 3264 de
876 3215 938 3264 viro
972 3213 1027 3263 hoo
1058 3214 1167 3277 quanta
1203 3207 1271 3276 νίατ,
1291 3206 1378 3280 11ύριι,
1402 3207 1497 3276 ἧνονσα
1521 3208 1571 3264 ἀπὸ
1593 3209 1696 3265 πολλῶν
1722 3211 1778 3284 περὶ
1799 3217 1844 3266 τοῦ

516 3306 592 3356 mala
627 3302 727 3354 iecerit
759 3303 867 3353 sanctis
897 3302 953 3353 tuis
989 3303 1019 3352 in
1056 3301 1166 3354 Ierusa·
1204 3295 1292 3369 ύνθρθς
1314 3301 1417 3362 τούτου,
1440 3299 1487 3351 θνα
1513 3297 1578 3353 aaa&
1609 3302 1658 3362 τοῖς
1689 3299 1768 3371 ἁγίοις
1800 3319 1844 3356 σου
1958 3306 1967 3324 ’

516 3394 586 3455 lern;
1202 3385 1317 3455 iacincto
1334 3382 1362 3439 ίν
1384 3385 1557 3457 Ἰερουσαλήμ·

513 3499 519 3511 ·
555 3482 597 3533 11.
618 3480 654 3532 Et
677 3481 725 3532 hic
744 3480 830 3531 hahet
849 3483 1021 3543 potestatem
1044 3491 1062 3530 a
1083 3479 1164 3544 prin·
1241 3478 1283 3529 11.
1312 3474 1355 3529 καί
1389 3471 1438 3529 ὧδε
1468 3475 1523 3550 ἔχει
1555 3474 1664 3539 ίξονσίαν
1695 3477 1762 3549 ταρὰ
1793 3483 1843 3533 τῶν

516 3571 626 3636 cipibus
644 3566 824 3622 sacerdotum
845 3566 982 3633 alligandi
1000 3580 1100 3620 omnes
1114 3571 1163 3634 qul
1202 3561 1356 3637 ἂρχιιρίννν,
1388 3565 1462 3631 δῆσαι
1493 3565 1586 3628 πάντας
1618 3565 1674 3628 τούς
1708 3563 1843 3621 ίτιιαλον·

516 3661 650 3711 invocant
673 3670 779 3708 nomen
797 3660 887 3708 tuum.
907 3656 949 3708 15.
970 3657 1049 3708 Dixit
1067 3659 1162 3708 autern
1201 3655 1290 3724 ρίνους
1317 3653 1347 3707 ιθ
1375 3654 1456 3726 ὄνομά
1480 3671 1535 3709 σον.
1561 3657 1603 3709 15.
1628 3652 1707 3709 Εἶπον
1729 3654 1757 3710 si
1784 3656 1844 3728 πρὸς

447 3781 450 3787 -
515 3747 551 3800 ad
575 3760 641 3800 eum
656 3748 795 3799 Dominus
811 3758 818 3796 :
834 3744 930 3809 Vade,
952 3746 1089 3812 quoniam
1110 3759 1163 3797 ras
1200 3740 1276 3796 αύτθν
1306 3740 1322 3794 ύ
1350 3741 1451 3814 Κύριος,
1475 3741 1598 3813 Ποριύον,
1626 3744 1666 3798 θτι
1688 3752 1773 3808 σιιῦος
1799 3742 1842 3799 iz·

515 3836 663 3890 electionis
677 3840 720 3887 est
734 3836 805 3885 mihi
819 3836 882 3897 late,
899 3840 930 3886 ut
945 3839 1038 3900 portet
1057 3847 1161 3886 nomen
1199 3829 1279 3904 λογῆς
1311 3829 1376 3885 lorii
1409 3849 1452 3903 μοι
1478 3825 1561 3897 οὗτος,
1590 3838 1634 3886 τοῦ
1666 3833 1788 3903 βαστάσαι
1813 3834 1843 3888 τθ

515 3938 609 3977 meum
632 3937 728 3976 coram
755 3924 903 3989 gentihus,
929 3929 959 3977 et
982 3923 1110 3988 regibus,
1134 3925 1163 3974 et
1199 3919 1281 3992 ύνορύ
1305 3938 1354 3993 ρον
1377 3917 1482 3976 ίνιύτισν
1509 3925 1562 3974 τῶν
1588 3919 1665 3975 ίθνῶν
1683 3940 1709 3975 τι
1733 3921 1776 3975 καλ
1794 3922 1843 3993 βα-

514 4012 581 4066 illlis
600 4013 699 4065 Israel.
719 4012 760 4064 16.
781 4012 843 4077 Ego
861 4014 938 4064 enlm
956 4010 1162 4064 ostendamini
1199 4007 1301 4074 σιλίων,
1331 4007 1391 4061 uide
1424 4027 1450 4063 τι
1485 4006 1600 4080 Ἰσραηλ.
1637 4012 1683 4069 ld.
1713 4009 1763 4082 ίγύ
1793 4010 1842 4086 γὰρ

515 4107 621 4168 quanta
644 4106 774 4165 oporteat
794 4113 859 4153 eum
882 4113 935 4164 pro
959 4102 1073 4151 nomine
1097 4113 1162 4170 meo
1197 4095 1320 4160 ύτοδιίῑνν
1351 4096 1432 4170 αύτῷ,
1459 4099 1506 4151 toa
1536 4097 1578 4151 θιῖ
1607 4095 1681 4152 αύτθν
1707 4097 1766 4171 trip
1797 4106 1842 4155 τοῦ

514 4192 584 4256 pati.
1199 4183 1326 4258 ύνύματύς
1343 4204 1392 4259 μον
1409 4187 1508 4242 murro.

554 4281 597 4333 17.
616 4280 653 4332 st
672 4280 742 4332 abiit
763 4280 905 4341 Ananias,
930 4283 960 4331 ct
980 4278 1106 4330 introivit
1131 4279 1162 4329 111
1238 4279 1281 4331 17.
1312 4272 1436 4343 Ἀπῆλθεν
1462 4275 1490 4330 si
1515 4272 1633 4339 Ἀνανίας
1655 4275 1698 4330 καί
1725 4275 1840 4345 τίοῆλθτν

514 4369 643 4431 domum
664 4373 693 4422 et
713 4371 864 4434 imponens
882 4370 910 4420 ei
932 4380 1046 4430 manus,
1065 4366 1159 4418 dixit:
1199 4361 1233 4427 τίς
1256 4361 1302 4431 την
1331 4362 1420 4431 olata»,
1447 4364 1491 4419 καί
1514 4362 1605 4428 inusta
1631 4363 1675 4419 ἔτ’
1697 4364 1773 4420 αύτθν
1798 4370 1842 4430 τὰς

516 4458 601 4511 Saule
626 4458 724 4524 irater,
745 4458 884 4510 Dominus
906 4458 983 4509 misit
1007 4469 1053 4508 me
1080 4457 1161 4508 Iesus
1197 4456 1284 4526 χτῗρας
1324 4450 1405 4522 ainau,
1442 4452 1526 4507 Σαούλ
1563 4451 1669 4525 aazias,
1702 4453 1717 4507 ύ
1754 4452 1842 4526 Κύριος
1934 4478 1937 4481 ·

515 4549 564 4614 qui
587 4549 719 4614 apparuit
741 4548 794 4599 tihi
816 4548 846 4598 in
866 4542 914 4599 via
935 4560 992 4612 qua
1009 4546 1159 4609 veniebas,
1198 4541 1337 4598 ύτίσταλιύ
1373 4562 1418 4615 με,
1456 4539 1552 4610 Ἰησοῦς
1583 4540 1598 4594 ύ
1628 4540 1711 4614 ὀρθιῑς
1741 4560 1781 4596 σοι
1813 4541 1839 4598 lv

514 4638 546 4688 ut
568 4636 681 4704 videm,
701 4638 730 4688 et
748 4637 895 4702 implearis
919 4636 1026 4701 Spiritu
1049 4640 1159 4686 sancto.
1198 4639 1229 4702 1η
1260 4631 1311 4705 ὁδῷ
1346 4626 1362 4705 ᾖ
1398 4629 1494 4707 ἦρχον,
1526 4631 1593 4693 linx
1628 4629 1766 4704 ύναθλίψης
1797 4632 1841 4686 arri

516 4724 560 4777 18.
587 4724 622 4776 Et
644 4724 793 4777 coniastlm
818 4724 980 4777 censerunt
1008 4724 1044 4775 ub
1071 4724 1162 4777 oculis
1198 4721 1312 4795 πλησθῇς
1343 4720 1484 4794 Πνιύματος
1515 4717 1611 4791 Ἀγίου.
1644 4724 1685 4778 18.
1718 4721 1761 4775 καί
1797 4720 1841 4777 τύ·

515 4818 577 4869 elus
606 4819 742 4880 tanquam
764 4826 916 4880 squamae,
937 4816 966 4867 et
994 4816 1087 4867 11111111
1114 4827 1162 4868 re·
1199 4811 1260 4874 θίως
1286 4810 1411 4866 ἀπέτισαν
1438 4813 1511 4865 atros
1543 4808 1592 4865 aas
1622 4814 1672 4865 τῶν
1703 4808 1841 4885 ὀρθαλρῶν
