4128 5442
1020 270 1067 357 DE„
1080 304 1169 348 urano
1190 301 1322 363 seruum
1487 276 1491 283 ’
1817 291 1836 347 3

506 443 687 519 dedicatur
715 429 929 530 theophilo,
952 438 1003 504 uti
1017 435 1084 502 'ille
1102 433 1214 525 prior;
1245 433 1391 524 proinde
1413 432 1536 500 eodem
1566 436 1707 503 oonsilio
1734 439 1837 506 etiam

369 564 373 572 '
507 572 580 619 esse
604 548 821 636 conscriptus
847 542 991 613 omniuo
1015 539 1264 610 existimandus
1290 540 1355 606 en't
1381 544 1483 630 atque
1510 538 1632 609 iisdem
1658 540 1835 612 destinari.

507 662 580 725 iam
595 654 767 744 inpriore
785 650 879 719 libro
896 648 936 717 id
960 672 996 718 se
1012 649 1058 717 ob
1073 648 1190 718 oculos
1212 645 1371 716 habuisse
1389 646 1580 737 profitetur,
1596 654 1634 715 ut
1654 669 1838 736 cognoscas

507 780 628 830 eorum
644 757 832 826 verborum
847 754 1034 848 dequibus
1049 753 1204 823 eruditus
1226 776 1262 821 es
1275 752 1470 835 veritatem,
1491 757 1650 842 ἀσφάλειαν
1675 754 1761 845 (ht)
1784 757 1839 823 in·

507 886 709 936 concussam
726 870 761 932 et
772 862 1009 932 indubitatam
1019 859 1217 942 veritatem,
1237 858 1487 927 certitudinem.
1502 860 1602 928 Proin
1617 862 1711 929 idem
1724 862 1761 929 in
1774 863 1839 931 hoo

506 970 659 1041 secundo
676 992 783 1062 opere
803 968 1027 1061 prosequitur
1049 964 1248 1049 ostendere3
1265 965 1339 1033 scil.
1370 965 1588 1053 evangelium
1612 989 1732 1035 revera
1755 969 1838 1059 ipsis

400 1086 410 1101 “
507 1078 611 1146 rebus
629 1077 735 1166 gestis
753 1073 992 1144 demonstrari
1006 1072 1169 1141 virtutem
1184 1073 1242 1141 [tei
1257 1073 1294 1140 in
1307 1070 1451 1139 salutem
1466 1095 1530 1163 pro
1545 1073 1722 1162 omnibus;
1741 1075 1838 1141 exhi·

506 1184 584 1253 beri
596 1184 632 1252 in
648 1180 914 1274 praedicatione
926 1181 1041 1249 nuntii
1053 1177 1220 1275 ¹messiani
1235 1179 1305 1246 vim
1315 1178 1543 1247 etelfieaoiam
1554 1180 1752 1269 quadivina
1765 1180 1838 1250 eius

508 1291 608 1379 origo
638 1288 824 1383 manifesto
849 1292 1030 1380 appareat.
1047 1285 1216 1377 inpriore
1244 1284 1339 1363 libro
1358 1284 1457 1376 quasi
1478 1285 1650 1373 originem
1669 1288 1837 1375 evangelii

507 1418 581 1465 esse
604 1396 763 1465 divinam
780 1392 1052 1474 demonstravit;
1072 1414 1164 1460 nuno
1180 1390 1327 1460 eandem
1345 1391 1499 1460 indolem
1518 1391 1671 1460 divinam
1691 1393 1839 1461 ostendit

510 1526 549 1571 ex
576 1502 834 1595 propagatione
860 1498 1035 1588 evangelii
1058 1504 1093 1568 et
1114 1520 1155 1567 ex
1184 1497 1256 1567 eius
1275 1503 1394 1567 contra
1414 1499 1525 1566 varias
1559 1499 1840 1590 impugnationes

442 1686 445 1691 4
507 1609 637 1677 virtute
652 1607 807 1677 victrice.

553 1715 649 1794 Quod
663 1714 782 1806 itaque
800 1712 984 1783 consilium
993 1711 1024 1780 si
1034 1711 1080 1779 ob
1094 1710 1212 1780 oculos
1225 1710 1403 1796 habueris,
1415 1712 1515 1782 facile
1531 1712 1763 1803 explicaveris,
1779 1736 1841 1781 cur

511 1821 683 1915 quaedam
703 1820 899 1903 narranda,
914 1817 986 1888 alia
1004 1817 1195 1887 omittenda
1209 1816 1401 1886 existimare
1414 1817 1573 1909 potuerit.
1591 1820 1705 1887 Refert
1718 1820 1839 1888 ultima

509 1928 572 1997 illa
589 1926 714 1997 Christi
732 1926 864 2005 verba:
881 1924 979 1994 eritis
994 1923 1082 1993 mibi
1095 1928 1199 1992 testes
1212 1923 1250 1991 iu
1265 1924 1446 1993 ierusalem
1466 1930 1500 1992 et
1513 1926 1654 1994 inomni
1668 1925 1793 1994 iudaea
1806 1933 1839 1994 et

509 2035 668 2103 Samaria
681 2027 716 2102 et
729 2054 842 2123 usque
858 2032 907 2100 ad
924 2030 1095 2121 ,ultimum
1112 2035 1224 2100 terrae
1238 2030 1343 2121 (1‚8);
1359 2053 1449 2122 quao
1460 2054 1564 2122 quam
1584 2033 1759 2123 praeclare
1773 2034 1840 2100 sint

510 2141 656 2233 impleta
668 2138 777 2209 rebus
795 2137 903 2227 gestis
923 2137 1042 2207 statim
1061 2160 1083 2206 a
1100 2136 1297 2228 primordiis
1315 2136 1365 2205 rei
1380 2137 1585 2206 christianae
1609 2139 1839 2229 prosequitur.

511 2247 666 2317 Testibus
680 2243 897 2315 enumeratis
909 2264 1102 2335 eorumque
1114 2265 1258 2311 numero
1272 2265 1368 2311 sacro
1381 2245 1552 2334 completo
1566 2252 1716 2329 enarrat,
1735 2268 1839 2336 quam

511 2348 635 2429 eximie
644 2352 831 2443 impletum
845 2351 890 2420 sit
902 2349 1049 2419 verbum
1066 2349 1191 2418 Christi
1210 2350 1252 2418 de
1270 2348 1440 2441 baptismo
1454 2350 1600 2441 Spiritus
1619 2352 1727 2420 sancti
1744 2359 1777 2419 ot
1797 2352 1840 2420 de

511 2461 638 2529 virtute
649 2482 692 2529 ex
704 2459 858 2549 altoque
870 2455 1043 2526 induendi
1057 2454 1141 2539 sint;
1159 2456 1476 2547 cernituroperatio
1490 2456 1608 2525 divina
1619 2457 1656 2524 in
1672 2457 1761 2525 dono
1775 2458 1840 2525 lin·

510 2587 678 2655 guarum,
693 2565 734 2633 in
746 2563 918 2633 concione
938 2563 1048 2644 Petri,
1065 2563 1104 2630 in
1118 2563 1339 2632 conversione
1356 2564 1557 2648 multorum,
1571 2564 1608 2631 in
1624 2570 1741 2632 sancta
1758 2564 1841 2633 lide-

511 2673 597 2741 lium
611 2669 874 2740 couversatione
896 2669 987 2761 (cap.
1006 2677 1039 2737 1.
1057 2668 1106 2758 Ξ).
1121 2668 1175 2737 Uti
1191 2674 1306 2737 Petrus
1314 2669 1514 2760 impletione
1525 2669 1778 2753 vaticiniorum,
1792 2672 1841 2739 ita

513 2776 692 2847 miraculis
706 2798 847 2869 quoqne
860 2774 1008 2867 patratis
1026 2775 1205 2844 veritatem
1226 2776 1341 2843 nuntii
1356 2776 1518 2844 messiani
1536 2777 1756 2845 demonstrat.
1775 2786 1841 2845 Αιι-

396 2961 404 2975 ‚
514 2885 609 2954 ditur
630 2883 869 2953 testimonium
890 2881 965 2951 eius
983 2883 1017 2950 in
1039 2882 1144 2966 urbe,
1165 2882 1306 2951 auditur
1319 2905 1434 2952 coram
1449 2882 1664 2972 synedristis,
1686 2885 1747 2974 qui
1767 2885 1840 2951 sru-

512 2998 586 3061 stra
610 2988 698 3059 illud
721 2989 943 3081 supprimere
971 2994 1145 3057 conantur
1173 2988 1274 3056 minis
1298 2995 1332 3057 et
1355 2990 1475 3078 poenis
1498 2990 1649 3058 inflictis.
1672 2992 1842 3081 apostolis

511 3101 647 3190 praesto
659 3100 711 3166 est
721 3095 834 3164 virtus
851 3094 972 3163 divina
990 3093 1038 3164 ad
1050 3093 1243 3185 puniendos
1258 3095 1465 3186 hypocritas,
1483 3096 1528 3163 ad
1544 3096 1738 3164 liberandos
1752 3120 1841 3165 cose

459 3186 466 3197 ⁴
511 3225 649 3288 carcere
671 3203 762 3294 (cap.
784 3199 877 3293 3-5).
900 3200 1029 3270 Crescit
1046 3222 1208 3268 numerus
1225 3201 1397 3285 fidelium3
1416 3225 1535 3270 verum
1555 3202 1687 3270 nobiles
1706 3204 1838 3283 ludaei,

508 3310 564 3379 ,uti
576 3315 681 3391 ,antea
699 3313 822 3378 contra
845 3307 1039 3392 Christum,
1056 3306 1104 3375 ita
1119 3330 1211 3376 nuno
1235 3315 1355 3376 eontra
1371 3309 1444 3376 cius
1457 3309 1578 3377 fideles
1590 3311 1841 3400 persecutiones

514 3421 674 3500 movent;
700 3435 822 3485 eorum
843 3414 1048 3502 malignitas
1064 3413 1189 3482 eadem
1208 3414 1374 3483 exseritur
1391 3425 1510 3484 contra
1531 3418 1763 3508 Stephanum,
1781 3417 1841 3508 qui

512 3521 698 3592 frustraiis
715 3519 929 3612 persuadere
947 3520 1141 3589 conabatur
1160 3520 1386 3589 obedientiam
1406 3545 1508 3613 quom
1524 3522 1604 3590 huie
1624 3546 1733 3591 novae
1753 3524 1839 3591 divi·

513 3651 581 3698 nae
600 3627 805 3697 revelationi
824 3646 860 3696 et
874 3625 1090 3695 ordinationi
1109 3627 1270 3696 exhibere
1288 3628 1469 3711 deberent;
1487 3630 1537 3697 uti
1564 3631 1734 3698 Christum
1750 3632 1841 3699 occi-

508 3735 657 3818 derunt,
672 3735 722 3804 ita
739 3732 864 3803 eodem
880 3732 986 3803 modo
1009 3734 1048 3802 in
1066 3734 1281 3825 Stephanum
1295 3744 1329 3804 et
1341 3737 1377 3804 in
1392 3735 1509 3805 fideles
1523 3736 1653 3806 saevire
1672 3738 1839 3829 incipiunt

514 3842 606 3932 (cap.
625 3847 696 3927 o,r.
712 3839 838 3931 aas).
854 3838 923 3908 Sed
944 3840 1022 3931 ipsa
1035 3840 1103 3908 hao
1121 3843 1356 3931 persecutione
1377 3850 1590 3934 propagatur
1606 3844 1837 3933 evangelium.

511 3951 599 4016 Nam
610 3945 759 4038 dispersi
776 3944 986 4037 praedicant
1002 3944 1149 4016 verbum
1163 3948 1199 4015 in
1215 3948 1355 4031 iudaea,
1376 3951 1548 4035 Samaria,
1565 3972 1674 4042 usque
1694 3951 1840 4020 Phoeni·

512 4075 589 4138 een,
606 4058 770 4146 Cyprum,
786 4051 1008 4122 Antiochiam
1025 4053 1098 4144 (8,t
1111 4076 1184 4145 seq.
1204 4061 1303 4138 11,re
1317 4057 1418 4147 seq).
1436 4058 1546 4125 t'irtus
1555 4059 1727 4147 evangelii
1741 4082 1842 4151 prac-

512 4162 606 4231 claro
620 4182 760 4253 quoque
777 4157 1038 4229 demonstratur
1051 4163 1274 4231 conversione
1295 4164 1520 4254 persecutoris
1541 4167 1717 4249 acerrimi,
1731 4168 1837 4248 Sauli,

399 4286 403 4292 ·
509 4266 574 4359 qui
588 4268 704 4336 statim
717 4266 842 4358 incipit
857 4266 955 4336 omni
970 4267 1088 4336 studio
1105 4268 1305 4359 praedicare
1320 4271 1414 4362 quod
1429 4278 1530 4342 antea
1550 4274 1776 4343 exterminare
1783 4297 1840 4342 oo·

512 4372 887 4464 natnserat(tt,tseq.).
904 4373 1134 4462 Evangelium
1152 4375 1265 4464 sigillo
1277 4377 1394 4446 divino
1402 4377 1645 4448 miraculorum
1658 4381 1839 4451 confirma·

513 4486 572 4548 tur
580 4480 619 4549 in
626 4478 848 4549 suscitatione
863 4480 1089 4568 mortuae,in
1101 4481 1277 4552 sanatione
1283 4484 1476 4576 paralytici,
1489 4486 1527 4554 in
1542 4486 1840 4558 miraliberationo

475 4578 486 4586 ”
513 4585 604 4655 Petri
619 4608 640 4655 e
655 4608 812 4673 careere3
826 4587 961 4679 pariter
973 4587 1165 4658 monitione
1178 4588 1297 4659 divina
1318 4591 1362 4659 ad
1376 4596 1514 4660 Petrum
1537 4594 1626 4662 iacta
1647 4595 1842 4665 declaratur

510 4692 737 4801 evangelium
751 4715 828 4798 esse
841 4692 1118 4788 praedicandam
1129 4696 1233 4767 etiam
1244 4698 1415 4787 gentibus.
1430 4700 1562 4769 Ultiono
1580 4723 1662 4770 vero
1675 4702 1791 4772 divina
1805 4707 1841 4773 in
