<?xml version="1.0" encoding="UTF-8"?>
<!DOCTYPE html PUBLIC "-//W3C//DTD XHTML 1.0 Transitional//EN"
    "http://www.w3.org/TR/xhtml1/DTD/xhtml1-transitional.dtd">
<html xmlns="http://www.w3.org/1999/xhtml" xml:lang="en" lang="en">
 <head>
  <title>
</title>
<meta http-equiv="Content-Type" content="text/html;charset=utf-8" />
  <meta name='ocr-system' content='tesseract 3.04.00' />
  <meta name='ocr-capabilities' content='ocr_page ocr_carea ocr_par ocr_line ocrx_word'/>
</head>
<body>
  <div class='ocr_page' id='page_1' title='image "./commentariusina00knabgoog/commentariusina00knabgoog_0268.png"; bbox 0 0 4092 5490; ppageno 0'>
   <div class='ocr_carea' id='block_1_1' title="bbox 1048 410 1838 479">
    <p class='ocr_par' dir='ltr' id='par_1_1' title="bbox 1048 410 1838 479">
     <span class='ocr_line' id='line_1_1' title="bbox 1048 410 1838 479; baseline 0.004 -10"><span class='ocrx_word' id='word_1_1' title='bbox 1048 424 1115 471; x_wconf 78' lang='grc'><strong>101.</strong></span> <span class='ocrx_word' id='word_1_2' title='bbox 1139 410 1312 479; x_wconf 56' lang='lat' dir='ltr'><strong>isid-19:</strong></span> <span class='ocrx_word' id='word_1_3' title='bbox 1779 413 1838 474; x_wconf 74' lang='lat' dir='ltr'><strong>ito</strong></span> 
     </span>
    </p>
   </div>
   <div class='ocr_carea' id='block_1_2' title="bbox 508 556 1840 1341">
    <p class='ocr_par' dir='ltr' id='par_1_2' title="bbox 508 556 1840 1341">
     <span class='ocr_line' id='line_1_2' title="bbox 510 556 1839 631; baseline 0.001 -18"><span class='ocrx_word' id='word_1_4' title='bbox 510 561 616 613; x_wconf 85' lang='lat' dir='ltr'><strong>dissent</strong></span> <span class='ocrx_word' id='word_1_5' title='bbox 636 562 712 628; x_wconf 87' lang='lat' dir='ltr'><strong>quod</strong></span> <span class='ocrx_word' id='word_1_6' title='bbox 732 562 837 615; x_wconf 86' lang='lat' dir='ltr'><strong>iecerat</strong></span> <span class='ocrx_word' id='word_1_7' title='bbox 852 563 973 623; x_wconf 83' lang='lat' dir='ltr'><strong>Paulus,</strong></span> <span class='ocrx_word' id='word_1_8' title='bbox 989 563 1155 614; x_wconf 81' lang='lat' dir='ltr'><strong>levaverunt</strong></span> <span class='ocrx_word' id='word_1_9' title='bbox 1200 558 1283 612; x_wconf 85' lang='grc' dir='ltr'><strong>01τι</strong></span> <span class='ocrx_word' id='word_1_10' title='bbox 1310 556 1386 631; x_wconf 77' lang='grc' dir='ltr'>ὄχλοι</span> <span class='ocrx_word' id='word_1_11' title='bbox 1419 556 1512 618; x_wconf 78' lang='grc' dir='ltr'>ἰδόντες</span> <span class='ocrx_word' id='word_1_12' title='bbox 1540 558 1556 608; x_wconf 85' lang='grc' dir='ltr'>δ</span> <span class='ocrx_word' id='word_1_13' title='bbox 1588 557 1702 625; x_wconf 70' lang='grc' dir='ltr'>ἐποίησεν</span> <span class='ocrx_word' id='word_1_14' title='bbox 1739 560 1839 624; x_wconf 78' lang='grc' dir='ltr'><strong>Παῦλος</strong></span> 
     </span>
     <span class='ocr_line' id='line_1_3' title="bbox 508 641 1838 720; baseline 0.002 -20"><span class='ocrx_word' id='word_1_15' title='bbox 508 662 605 702; x_wconf 87' lang='lat' dir='ltr'><strong>vocem</strong></span> <span class='ocrx_word' id='word_1_16' title='bbox 634 664 730 712; x_wconf 87' lang='lat' dir='ltr'><strong>suam,</strong></span> <span class='ocrx_word' id='word_1_17' title='bbox 756 650 900 712; x_wconf 76' lang='lat' dir='ltr'><strong>lycaonice</strong></span> <span class='ocrx_word' id='word_1_18' title='bbox 926 649 1052 702; x_wconf 85' lang='lat' dir='ltr'><strong>dicentes</strong></span> <span class='ocrx_word' id='word_1_19' title='bbox 1077 664 1083 701; x_wconf 94' lang='lat'>:</span> <span class='ocrx_word' id='word_1_20' title='bbox 1109 651 1155 702; x_wconf 90' lang='lat' dir='ltr'><strong>Dii</strong></span> <span class='ocrx_word' id='word_1_21' title='bbox 1200 645 1293 717; x_wconf 74' lang='grc' dir='ltr'>ἰαῆραν</span> <span class='ocrx_word' id='word_1_22' title='bbox 1324 645 1369 712; x_wconf 71' lang='grc' dir='ltr'><strong>τὴν</strong></span> <span class='ocrx_word' id='word_1_23' title='bbox 1401 641 1482 715; x_wconf 79' lang='grc' dir='ltr'>ρωυήν</span> <span class='ocrx_word' id='word_1_24' title='bbox 1516 641 1597 697; x_wconf 81' lang='grc' dir='ltr'>αθτῶν</span> <span class='ocrx_word' id='word_1_25' title='bbox 1623 647 1772 720; x_wconf 70' lang='grc' dir='ltr'>Λυκαονιοτ)</span> <span class='ocrx_word' id='word_1_26' title='bbox 1796 649 1838 702; x_wconf 81' lang='grc' dir='ltr'>λέ-</span> 
     </span>
     <span class='ocr_line' id='line_1_4' title="bbox 508 731 1839 818; baseline -0.002 -27"><span class='ocrx_word' id='word_1_27' title='bbox 508 739 615 791; x_wconf 87' lang='lat' dir='ltr'><strong>similes</strong></span> <span class='ocrx_word' id='word_1_28' title='bbox 629 739 697 789; x_wconf 82' lang='lat' dir='ltr'><strong>iacti</strong></span> <span class='ocrx_word' id='word_1_29' title='bbox 712 736 883 800; x_wconf 85' lang='lat' dir='ltr'><strong>nominibus,</strong></span> <span class='ocrx_word' id='word_1_30' title='bbox 900 737 1105 818; x_wconf 55' lang='lat' dir='ltr'><strong>Qscendemnt</strong></span> <span class='ocrx_word' id='word_1_31' title='bbox 1119 740 1154 791; x_wconf 83' lang='lat' dir='ltr'><strong>ad</strong></span> <span class='ocrx_word' id='word_1_32' title='bbox 1199 755 1299 808; x_wconf 80' lang='grc' dir='ltr'>γοντσς,</span> <span class='ocrx_word' id='word_1_33' title='bbox 1337 733 1368 787; x_wconf 85' lang='lat' dir='ltr'><strong>Oi</strong></span> <span class='ocrx_word' id='word_1_34' title='bbox 1409 733 1461 787; x_wconf 78' lang='grc' dir='ltr'>θεοὶ</span> <span class='ocrx_word' id='word_1_35' title='bbox 1503 731 1664 803; x_wconf 77' lang='grc' dir='ltr'>ὁμοιωθέντες</span> <span class='ocrx_word' id='word_1_36' title='bbox 1701 734 1839 804; x_wconf 73' lang='grc' dir='ltr'>ἀνθρώποις</span> 
     </span>
     <span class='ocr_line' id='line_1_5' title="bbox 508 820 1837 894; baseline -0.001 -16"><span class='ocrx_word' id='word_1_37' title='bbox 508 840 570 878; x_wconf 87' lang='lat' dir='ltr'><strong>nos.</strong></span> <span class='ocrx_word' id='word_1_38' title='bbox 589 827 631 877; x_wconf 91' lang='grc'><strong>11.</strong></span> <span class='ocrx_word' id='word_1_39' title='bbox 652 825 687 874; x_wconf 84' lang='lat' dir='ltr'><strong>Et</strong></span> <span class='ocrx_word' id='word_1_40' title='bbox 701 824 842 875; x_wconf 87' lang='lat' dir='ltr'><strong>vocabant</strong></span> <span class='ocrx_word' id='word_1_41' title='bbox 857 825 1017 879; x_wconf 85' lang='lat' dir='ltr'><strong>Barnabam</strong></span> <span class='ocrx_word' id='word_1_42' title='bbox 1032 828 1152 880; x_wconf 83' lang='lat' dir='ltr'><strong>iovem:</strong></span> <span class='ocrx_word' id='word_1_43' title='bbox 1199 824 1339 893; x_wconf 81' lang='grc' dir='ltr'>κατόθησαν</span> <span class='ocrx_word' id='word_1_44' title='bbox 1365 820 1424 894; x_wconf 78' lang='grc' dir='ltr'>πρθνς</span> <span class='ocrx_word' id='word_1_45' title='bbox 1450 820 1523 892; x_wconf 72' lang='grc' dir='ltr'>ἡμᾶς·</span> <span class='ocrx_word' id='word_1_46' title='bbox 1553 825 1593 876; x_wconf 92' lang='lat' dir='ltr'><strong>ii.</strong></span> <span class='ocrx_word' id='word_1_47' title='bbox 1615 820 1720 874; x_wconf 73' lang='grc' dir='ltr'>ἐκάλουν</span> <span class='ocrx_word' id='word_1_48' title='bbox 1744 841 1770 875; x_wconf 90' lang='grc' dir='ltr'><strong>τε</strong></span> <span class='ocrx_word' id='word_1_49' title='bbox 1794 823 1837 877; x_wconf 83' lang='grc' dir='ltr'><strong>τόν</strong></span> 
     </span>
     <span class='ocr_line' id='line_1_6' title="bbox 510 907 1838 987; baseline -0.002 -22"><span class='ocrx_word' id='word_1_50' title='bbox 510 909 627 965; x_wconf 87' lang='lat' dir='ltr'><strong>Paulum</strong></span> <span class='ocrx_word' id='word_1_51' title='bbox 646 924 716 963; x_wconf 83' lang='lat' dir='ltr'><strong>vero</strong></span> <span class='ocrx_word' id='word_1_52' title='bbox 736 912 919 977; x_wconf 79' lang='lat' dir='ltr'><strong>Mercurium,</strong></span> <span class='ocrx_word' id='word_1_53' title='bbox 936 919 1070 982; x_wconf 88' lang='lat' dir='ltr'><strong>quoniam</strong></span> <span class='ocrx_word' id='word_1_54' title='bbox 1093 920 1154 984; x_wconf 87' lang='lat' dir='ltr'><strong>ipse</strong></span> <span class='ocrx_word' id='word_1_55' title='bbox 1200 914 1330 987; x_wconf 80' lang='grc' dir='ltr'>Βαρνάόαν</span> <span class='ocrx_word' id='word_1_56' title='bbox 1363 913 1418 965; x_wconf 82' lang='grc' dir='ltr'><strong>Δ1α·</strong></span> <span class='ocrx_word' id='word_1_57' title='bbox 1452 911 1495 965; x_wconf 84' lang='grc' dir='ltr'><strong>τόν</strong></span> <span class='ocrx_word' id='word_1_58' title='bbox 1526 908 1553 963; x_wconf 77' lang='lat' dir='ltr'><strong>oi</strong></span> <span class='ocrx_word' id='word_1_59' title='bbox 1588 908 1689 963; x_wconf 78' lang='grc' dir='ltr'>Παῦλον</span> <span class='ocrx_word' id='word_1_60' title='bbox 1731 907 1838 983; x_wconf 80' lang='grc' dir='ltr'>Ἑρμῆν,</span> 
     </span>
     <span class='ocr_line' id='line_1_7' title="bbox 508 996 1836 1073; baseline 0.007 -22"><span class='ocrx_word' id='word_1_61' title='bbox 508 1006 569 1051; x_wconf 87' lang='lat' dir='ltr'><strong>erat</strong></span> <span class='ocrx_word' id='word_1_62' title='bbox 591 999 648 1050; x_wconf 87' lang='lat' dir='ltr'><strong>dux</strong></span> <span class='ocrx_word' id='word_1_63' title='bbox 675 1003 765 1054; x_wconf 83' lang='lat' dir='ltr'><strong>verbi.</strong></span> <span class='ocrx_word' id='word_1_64' title='bbox 797 1004 839 1055; x_wconf 75' lang='grc'><strong>11.</strong></span> <span class='ocrx_word' id='word_1_65' title='bbox 870 1005 1009 1060; x_wconf 83' lang='lat' dir='ltr'><strong>Sacerdos</strong></span> <span class='ocrx_word' id='word_1_66' title='bbox 1041 1020 1154 1073; x_wconf 80' lang='lat' dir='ltr'><strong>quoque</strong></span> <span class='ocrx_word' id='word_1_67' title='bbox 1200 1001 1285 1071; x_wconf 73' lang='grc' dir='ltr'>θπιιδὴ</span> <span class='ocrx_word' id='word_1_68' title='bbox 1311 1001 1383 1066; x_wconf 86' lang='grc' dir='ltr'>αθτθς</span> <span class='ocrx_word' id='word_1_69' title='bbox 1408 996 1439 1070; x_wconf 71' lang='grc' dir='ltr'>ἦν</span> <span class='ocrx_word' id='word_1_70' title='bbox 1471 999 1485 1053; x_wconf 90' lang='grc' dir='ltr'>ό</span> <span class='ocrx_word' id='word_1_71' title='bbox 1513 997 1650 1071; x_wconf 71' lang='grc' dir='ltr'>ἡγούμενος</span> <span class='ocrx_word' id='word_1_72' title='bbox 1677 1001 1721 1052; x_wconf 74' lang='grc' dir='ltr'>τού</span> <span class='ocrx_word' id='word_1_73' title='bbox 1745 998 1836 1069; x_wconf 69' lang='grc' dir='ltr'>λόγου.</span> 
     </span>
     <span class='ocr_line' id='line_1_8' title="bbox 508 1087 1839 1163; baseline 0.002 -25"><span class='ocrx_word' id='word_1_74' title='bbox 508 1087 585 1139; x_wconf 83' lang='lat' dir='ltr'><strong>lovis</strong></span> <span class='ocrx_word' id='word_1_75' title='bbox 606 1091 654 1154; x_wconf 83' lang='lat' dir='ltr'><strong>qui</strong></span> <span class='ocrx_word' id='word_1_76' title='bbox 676 1096 738 1144; x_wconf 90' lang='lat' dir='ltr'><strong>erat</strong></span> <span class='ocrx_word' id='word_1_77' title='bbox 755 1095 821 1145; x_wconf 89' lang='lat' dir='ltr'><strong>ante</strong></span> <span class='ocrx_word' id='word_1_78' title='bbox 839 1095 998 1158; x_wconf 87' lang='lat' dir='ltr'><strong>civitatem,</strong></span> <span class='ocrx_word' id='word_1_79' title='bbox 1014 1100 1111 1148; x_wconf 84' lang='lat' dir='ltr'><strong>tauros</strong></span> <span class='ocrx_word' id='word_1_80' title='bbox 1126 1101 1155 1149; x_wconf 90' lang='lat' dir='ltr'><strong>ct</strong></span> <span class='ocrx_word' id='word_1_81' title='bbox 1203 1095 1245 1147; x_wconf 81' lang='lat' dir='ltr'><strong>ti.</strong></span> <span class='ocrx_word' id='word_1_82' title='bbox 1275 1091 1290 1145; x_wconf 95' lang='grc' dir='ltr'>ό</span> <span class='ocrx_word' id='word_1_83' title='bbox 1317 1111 1343 1146; x_wconf 90' lang='grc' dir='ltr'><strong>τε</strong></span> <span class='ocrx_word' id='word_1_84' title='bbox 1366 1091 1443 1163; x_wconf 73' lang='grc' dir='ltr'>ἱερεύς</span> <span class='ocrx_word' id='word_1_85' title='bbox 1468 1093 1513 1143; x_wconf 78' lang='grc' dir='ltr'><strong>τοῦ</strong></span> <span class='ocrx_word' id='word_1_86' title='bbox 1539 1088 1595 1151; x_wconf 83' lang='grc' dir='ltr'>Διός</span> <span class='ocrx_word' id='word_1_87' title='bbox 1621 1091 1666 1142; x_wconf 82' lang='grc' dir='ltr'>ποθ</span> <span class='ocrx_word' id='word_1_88' title='bbox 1693 1088 1764 1150; x_wconf 87' lang='grc' dir='ltr'>όντος</span> <span class='ocrx_word' id='word_1_89' title='bbox 1791 1089 1839 1160; x_wconf 80' lang='grc' dir='ltr'><strong>τρθ</strong></span> 
     </span>
     <span class='ocr_line' id='line_1_9' title="bbox 508 1175 1840 1250; baseline 0.002 -22"><span class='ocrx_word' id='word_1_90' title='bbox 508 1189 627 1230; x_wconf 83' lang='lat' dir='ltr'><strong>coronas</strong></span> <span class='ocrx_word' id='word_1_91' title='bbox 641 1182 707 1232; x_wconf 87' lang='lat' dir='ltr'><strong>ante</strong></span> <span class='ocrx_word' id='word_1_92' title='bbox 720 1183 821 1233; x_wconf 84' lang='lat' dir='ltr'><strong>ianuas</strong></span> <span class='ocrx_word' id='word_1_93' title='bbox 835 1180 970 1243; x_wconf 71' lang='lat' dir='ltr'><strong>afferens,</strong></span> <span class='ocrx_word' id='word_1_94' title='bbox 984 1196 1048 1233; x_wconf 87' lang='lat' dir='ltr'><strong>cum</strong></span> <span class='ocrx_word' id='word_1_95' title='bbox 1061 1196 1154 1249; x_wconf 84' lang='lat' dir='ltr'><strong>popu·</strong></span> <span class='ocrx_word' id='word_1_96' title='bbox 1198 1183 1243 1247; x_wconf 78' lang='grc' dir='ltr'><strong>τῆς</strong></span> <span class='ocrx_word' id='word_1_97' title='bbox 1268 1179 1365 1241; x_wconf 81' lang='grc' dir='ltr'>πόλεως</span> <span class='ocrx_word' id='word_1_98' title='bbox 1386 1179 1487 1249; x_wconf 84' lang='grc' dir='ltr'>ταύρους</span> <span class='ocrx_word' id='word_1_99' title='bbox 1509 1178 1551 1231; x_wconf 72' lang='grc' dir='ltr'><strong>καὶ</strong></span> <span class='ocrx_word' id='word_1_100' title='bbox 1573 1180 1703 1250; x_wconf 77' lang='grc' dir='ltr'>πέμματα</span> <span class='ocrx_word' id='word_1_101' title='bbox 1726 1175 1766 1231; x_wconf 71' lang='lat' dir='ltr'><strong>iat</strong></span> <span class='ocrx_word' id='word_1_102' title='bbox 1783 1177 1840 1240; x_wconf 79' lang='grc' dir='ltr'>τούς</span> 
     </span>
     <span class='ocr_line' id='line_1_10' title="bbox 509 1265 1839 1341; baseline 0.001 -24"><span class='ocrx_word' id='word_1_103' title='bbox 509 1268 544 1318; x_wconf 85' lang='lat' dir='ltr'><strong>lis</strong></span> <span class='ocrx_word' id='word_1_104' title='bbox 558 1268 672 1320; x_wconf 82' lang='lat' dir='ltr'><strong>volebat</strong></span> <span class='ocrx_word' id='word_1_105' title='bbox 689 1269 859 1321; x_wconf 81' lang='lat' dir='ltr'><strong>sacrificare.</strong></span> <span class='ocrx_word' id='word_1_106' title='bbox 879 1269 921 1320; x_wconf 89' lang='grc'><strong>13.</strong></span> <span class='ocrx_word' id='word_1_107' title='bbox 938 1269 1020 1330; x_wconf 86' lang='lat' dir='ltr'><strong>Quod</strong></span> <span class='ocrx_word' id='word_1_108' title='bbox 1038 1271 1087 1322; x_wconf 88' lang='lat' dir='ltr'><strong>ubi</strong></span> <span class='ocrx_word' id='word_1_109' title='bbox 1101 1285 1153 1324; x_wconf 88' lang='lat' dir='ltr'><strong>au·</strong></span> <span class='ocrx_word' id='word_1_110' title='bbox 1198 1266 1313 1330; x_wconf 77' lang='grc' dir='ltr'>πυλῶνας</span> <span class='ocrx_word' id='word_1_111' title='bbox 1339 1265 1451 1337; x_wconf 69' lang='grc' dir='ltr'>ἐνέγκας,</span> <span class='ocrx_word' id='word_1_112' title='bbox 1479 1266 1523 1319; x_wconf 83' lang='grc' dir='ltr'>σύν</span> <span class='ocrx_word' id='word_1_113' title='bbox 1555 1272 1609 1329; x_wconf 84' lang='grc' dir='ltr'>τοῖς</span> <span class='ocrx_word' id='word_1_114' title='bbox 1635 1267 1722 1341; x_wconf 77' lang='grc' dir='ltr'>ὄχλοις</span> <span class='ocrx_word' id='word_1_115' title='bbox 1749 1265 1839 1334; x_wconf 75' lang='grc' dir='ltr'>ἤθελεν</span> 
     </span>
    </p>
   </div>
   <div class='ocr_carea' id='block_1_3' title="bbox 416 1352 1840 1422">
    <p class='ocr_par' dir='ltr' id='par_1_3' title="bbox 416 1352 1840 1422">
     <span class='ocr_line' id='line_1_11' title="bbox 416 1352 1840 1422; baseline 0.004 -17"><span class='ocrx_word' id='word_1_116' title='bbox 416 1402 423 1410; x_wconf 86' lang='grc'>,</span> <span class='ocrx_word' id='word_1_117' title='bbox 509 1354 620 1407; x_wconf 89' lang='lat' dir='ltr'><strong>dierunt</strong></span> <span class='ocrx_word' id='word_1_118' title='bbox 654 1357 777 1421; x_wconf 86' lang='lat' dir='ltr'><strong>apostoli</strong></span> <span class='ocrx_word' id='word_1_119' title='bbox 804 1356 952 1409; x_wconf 77' lang='lat' dir='ltr'><strong>Barnabas</strong></span> <span class='ocrx_word' id='word_1_120' title='bbox 979 1364 1008 1410; x_wconf 89' lang='lat' dir='ltr'><strong>et</strong></span> <span class='ocrx_word' id='word_1_121' title='bbox 1034 1360 1151 1422; x_wconf 82' lang='lat' dir='ltr'><strong>Paulus,</strong></span> <span class='ocrx_word' id='word_1_122' title='bbox 1200 1354 1275 1410; x_wconf 88' lang='grc' dir='ltr'>θύιιν.</span> <span class='ocrx_word' id='word_1_123' title='bbox 1315 1358 1356 1410; x_wconf 78' lang='lat' dir='ltr'><strong>it.</strong></span> <span class='ocrx_word' id='word_1_124' title='bbox 1390 1352 1545 1415; x_wconf 74' lang='grc' dir='ltr'>Ἀκούσαντες</span> <span class='ocrx_word' id='word_1_125' title='bbox 1577 1353 1604 1407; x_wconf 86' lang='grc' dir='ltr'><strong>δ1</strong></span> <span class='ocrx_word' id='word_1_126' title='bbox 1640 1356 1665 1408; x_wconf 78' lang='grc' dir='ltr'><strong>οἱ</strong></span> <span class='ocrx_word' id='word_1_127' title='bbox 1702 1354 1840 1410; x_wconf 78' lang='grc' dir='ltr'>ἀπόστολοι</span> 
     </span>
    </p>
   </div>
   <div class='ocr_carea' id='block_1_4' title="bbox 506 1441 1840 3552">
    <p class='ocr_par' dir='ltr' id='par_1_4' title="bbox 507 1441 1839 1603">
     <span class='ocr_line' id='line_1_12' title="bbox 508 1441 1838 1516; baseline 0.004 -23"><span class='ocrx_word' id='word_1_128' title='bbox 508 1443 658 1494; x_wconf 88' lang='lat' dir='ltr'><strong>conscissis</strong></span> <span class='ocrx_word' id='word_1_129' title='bbox 684 1445 789 1495; x_wconf 89' lang='lat' dir='ltr'><strong>tunicis</strong></span> <span class='ocrx_word' id='word_1_130' title='bbox 826 1445 900 1508; x_wconf 86' lang='lat' dir='ltr'><strong>suis,</strong></span> <span class='ocrx_word' id='word_1_131' title='bbox 927 1447 1093 1500; x_wconf 78' lang='lat' dir='ltr'>exsilierunt</span> <span class='ocrx_word' id='word_1_132' title='bbox 1124 1450 1154 1500; x_wconf 90' lang='lat' dir='ltr'><strong>ln</strong></span> <span class='ocrx_word' id='word_1_133' title='bbox 1199 1442 1326 1514; x_wconf 77' lang='grc' dir='ltr'>Βαρνάὸας</span> <span class='ocrx_word' id='word_1_134' title='bbox 1348 1442 1390 1496; x_wconf 77' lang='grc' dir='ltr'><strong>καὶ</strong></span> <span class='ocrx_word' id='word_1_135' title='bbox 1406 1441 1516 1511; x_wconf 73' lang='grc' dir='ltr'>Παῦλος,</span> <span class='ocrx_word' id='word_1_136' title='bbox 1536 1441 1705 1511; x_wconf 75' lang='grc' dir='ltr'>διαρρήξαντες</span> <span class='ocrx_word' id='word_1_137' title='bbox 1727 1442 1758 1496; x_wconf 77' lang='grc' dir='ltr'><strong>τὰ</strong></span> <span class='ocrx_word' id='word_1_138' title='bbox 1781 1444 1838 1516; x_wconf 65' lang='lat' dir='ltr'><strong>luri·</strong></span> 
     </span>
     <span class='ocr_line' id='line_1_13' title="bbox 507 1528 1839 1603; baseline 0.003 -23"><span class='ocrx_word' id='word_1_139' title='bbox 507 1531 612 1591; x_wconf 87' lang='lat' dir='ltr'><strong>turbas,</strong></span> <span class='ocrx_word' id='word_1_140' title='bbox 629 1531 795 1596; x_wconf 70' lang='lat' dir='ltr'><strong>distillantes,</strong></span> <span class='ocrx_word' id='word_1_141' title='bbox 1199 1551 1240 1586; x_wconf 88' lang='grc' dir='ltr'><strong>τια</strong></span> <span class='ocrx_word' id='word_1_142' title='bbox 1263 1531 1355 1587; x_wconf 76' lang='grc' dir='ltr'>ἱαυτῶν</span> <span class='ocrx_word' id='word_1_143' title='bbox 1378 1528 1580 1598; x_wconf 68' lang='grc' dir='ltr'>1Εεπθδησανε1ς</span> <span class='ocrx_word' id='word_1_144' title='bbox 1602 1529 1645 1583; x_wconf 81' lang='grc' dir='ltr'><strong>τόν</strong></span> <span class='ocrx_word' id='word_1_145' title='bbox 1664 1530 1755 1603; x_wconf 79' lang='grc' dir='ltr'>όχλον,</span> <span class='ocrx_word' id='word_1_146' title='bbox 1776 1533 1839 1602; x_wconf 71' lang='grc' dir='ltr'>κρά-</span> 
     </span>
    </p>

    <p class='ocr_par' dir='ltr' id='par_1_5' title="bbox 506 1618 1840 2846">
     <span class='ocr_line' id='line_1_14' title="bbox 548 1618 1824 1691; baseline 0.007 -23"><span class='ocrx_word' id='word_1_147' title='bbox 548 1618 589 1669; x_wconf 87' lang='grc'><strong>11.</strong></span> <span class='ocrx_word' id='word_1_148' title='bbox 611 1620 647 1671; x_wconf 87' lang='lat' dir='ltr'><strong>Et</strong></span> <span class='ocrx_word' id='word_1_149' title='bbox 668 1620 797 1675; x_wconf 86' lang='lat' dir='ltr'><strong>dicentes</strong></span> <span class='ocrx_word' id='word_1_150' title='bbox 815 1636 822 1674; x_wconf 96' lang='lat'><strong>:</strong></span> <span class='ocrx_word' id='word_1_151' title='bbox 842 1623 918 1687; x_wconf 88' lang='lat' dir='ltr'><strong>Viri,</strong></span> <span class='ocrx_word' id='word_1_152' title='bbox 939 1626 1008 1691; x_wconf 87' lang='lat' dir='ltr'><strong>quid</strong></span> <span class='ocrx_word' id='word_1_153' title='bbox 1024 1627 1096 1679; x_wconf 88' lang='lat' dir='ltr'><strong>baec</strong></span> <span class='ocrx_word' id='word_1_154' title='bbox 1114 1625 1154 1678; x_wconf 85' lang='lat' dir='ltr'><strong>ia·</strong></span> <span class='ocrx_word' id='word_1_155' title='bbox 1199 1624 1299 1688; x_wconf 76' lang='grc' dir='ltr'>ζοντες,</span> <span class='ocrx_word' id='word_1_156' title='bbox 1409 1622 1413 1631; x_wconf 84' lang='grc'><em>“</em></span> <span class='ocrx_word' id='word_1_157' title='bbox 1821 1622 1824 1625; x_wconf 80' lang='grc'><strong>’</strong></span> 
     </span>
     <span class='ocr_line' id='line_1_15' title="bbox 509 1707 1839 1782; baseline 0.001 -24"><span class='ocrx_word' id='word_1_158' title='bbox 509 1707 589 1759; x_wconf 81' lang='lat' dir='ltr'><strong>citis?</strong></span> <span class='ocrx_word' id='word_1_159' title='bbox 610 1710 646 1760; x_wconf 89' lang='lat' dir='ltr'><strong>Et</strong></span> <span class='ocrx_word' id='word_1_160' title='bbox 671 1723 726 1763; x_wconf 89' lang='lat' dir='ltr'><strong>nos</strong></span> <span class='ocrx_word' id='word_1_161' title='bbox 754 1713 889 1766; x_wconf 76' lang='lat' dir='ltr'><strong>mortales</strong></span> <span class='ocrx_word' id='word_1_162' title='bbox 912 1728 1025 1778; x_wconf 82' lang='lat' dir='ltr'><strong>suiuus,</strong></span> <span class='ocrx_word' id='word_1_163' title='bbox 1046 1717 1154 1769; x_wconf 75' lang='lat' dir='ltr'><strong>similes</strong></span> <span class='ocrx_word' id='word_1_164' title='bbox 1239 1715 1281 1765; x_wconf 82' lang='grc'><strong>11.</strong></span> <span class='ocrx_word' id='word_1_165' title='bbox 1318 1710 1360 1765; x_wconf 81' lang='grc' dir='ltr'><strong>καὶ</strong></span> <span class='ocrx_word' id='word_1_166' title='bbox 1394 1709 1523 1782; x_wconf 68' lang='grc' dir='ltr'>λέγοντες,</span> <span class='ocrx_word' id='word_1_167' title='bbox 1558 1708 1667 1779; x_wconf 80' lang='grc' dir='ltr'>Ἄνδρες,</span> <span class='ocrx_word' id='word_1_168' title='bbox 1701 1708 1726 1761; x_wconf 81' lang='grc' dir='ltr'><strong>τί</strong></span> <span class='ocrx_word' id='word_1_169' title='bbox 1761 1710 1839 1762; x_wconf 79' lang='grc' dir='ltr'>ταῦτα</span> 
     </span>
     <span class='ocr_line' id='line_1_16' title="bbox 507 1796 1838 1871; baseline 0.002 -25"><span class='ocrx_word' id='word_1_170' title='bbox 507 1798 588 1849; x_wconf 80' lang='lat' dir='ltr'><strong>uobis</strong></span> <span class='ocrx_word' id='word_1_171' title='bbox 613 1800 758 1863; x_wconf 86' lang='lat' dir='ltr'><strong>homines,</strong></span> <span class='ocrx_word' id='word_1_172' title='bbox 783 1806 986 1857; x_wconf 72' lang='lat' dir='ltr'><strong>annuntiantes</strong></span> <span class='ocrx_word' id='word_1_173' title='bbox 1008 1804 1090 1857; x_wconf 82' lang='lat' dir='ltr'><strong>vobIs</strong></span> <span class='ocrx_word' id='word_1_174' title='bbox 1104 1805 1153 1871; x_wconf 56' lang='lat' dir='ltr'><strong>,ab</strong></span> <span class='ocrx_word' id='word_1_175' title='bbox 1198 1802 1307 1866; x_wconf 72' lang='grc' dir='ltr'>ποιιῖττς</span> <span class='ocrx_word' id='word_1_176' title='bbox 1348 1799 1391 1853; x_wconf 73' lang='grc' dir='ltr'><strong>καὶ</strong></span> <span class='ocrx_word' id='word_1_177' title='bbox 1433 1797 1506 1869; x_wconf 70' lang='grc' dir='ltr'>ἡμεῖς</span> <span class='ocrx_word' id='word_1_178' title='bbox 1552 1797 1712 1870; x_wconf 69' lang='grc' dir='ltr'>ὁμοιοπαθεῖς</span> <span class='ocrx_word' id='word_1_179' title='bbox 1763 1796 1838 1869; x_wconf 82' lang='grc' dir='ltr'>ἐσμεν</span> 
     </span>
     <span class='ocr_line' id='line_1_17' title="bbox 507 1885 1838 1961; baseline 0.002 -24"><span class='ocrx_word' id='word_1_180' title='bbox 507 1887 551 1938; x_wconf 85' lang='lat' dir='ltr'><strong>his</strong></span> <span class='ocrx_word' id='word_1_181' title='bbox 579 1889 662 1939; x_wconf 87' lang='lat' dir='ltr'><strong>vanis</strong></span> <span class='ocrx_word' id='word_1_182' title='bbox 693 1893 821 1943; x_wconf 84' lang='lat' dir='ltr'><strong>converti</strong></span> <span class='ocrx_word' id='word_1_183' title='bbox 856 1892 893 1943; x_wconf 91' lang='lat' dir='ltr'><strong>ad</strong></span> <span class='ocrx_word' id='word_1_184' title='bbox 921 1893 1012 1946; x_wconf 86' lang='lat' dir='ltr'><strong>Deum</strong></span> <span class='ocrx_word' id='word_1_185' title='bbox 1043 1895 1151 1956; x_wconf 75' lang='lat' dir='ltr'><strong>vivum,</strong></span> <span class='ocrx_word' id='word_1_186' title='bbox 1197 1888 1258 1961; x_wconf 73' lang='grc' dir='ltr'>ύμῖν</span> <span class='ocrx_word' id='word_1_187' title='bbox 1283 1888 1423 1960; x_wconf 73' lang='grc' dir='ltr'>ἄνθρωποι,</span> <span class='ocrx_word' id='word_1_188' title='bbox 1450 1885 1673 1958; x_wconf 73' lang='grc' dir='ltr'>τῦαγγτλιζόμενοι</span> <span class='ocrx_word' id='word_1_189' title='bbox 1700 1885 1765 1959; x_wconf 81' lang='grc' dir='ltr'><strong>ύμᾶς</strong></span> <span class='ocrx_word' id='word_1_190' title='bbox 1790 1885 1838 1941; x_wconf 74' lang='grc' dir='ltr'><strong>ἀπὸ</strong></span> 
     </span>
     <span class='ocr_line' id='line_1_18' title="bbox 509 1974 1839 2047; baseline 0.001 -20"><span class='ocrx_word' id='word_1_191' title='bbox 509 1977 557 2040; x_wconf 85' lang='lat' dir='ltr'><strong>qui</strong></span> <span class='ocrx_word' id='word_1_192' title='bbox 583 1975 649 2028; x_wconf 85' lang='lat' dir='ltr'><strong>iecit</strong></span> <span class='ocrx_word' id='word_1_193' title='bbox 676 1980 786 2030; x_wconf 87' lang='lat' dir='ltr'><strong>coelum</strong></span> <span class='ocrx_word' id='word_1_194' title='bbox 814 1981 843 2032; x_wconf 84' lang='lat' dir='ltr'><strong>et</strong></span> <span class='ocrx_word' id='word_1_195' title='bbox 875 1986 979 2033; x_wconf 85' lang='lat' dir='ltr'><strong>terram</strong></span> <span class='ocrx_word' id='word_1_196' title='bbox 1006 1986 1034 2034; x_wconf 90' lang='lat' dir='ltr'><strong>et</strong></span> <span class='ocrx_word' id='word_1_197' title='bbox 1058 1993 1151 2045; x_wconf 84' lang='lat' dir='ltr'><strong>mare,</strong></span> <span class='ocrx_word' id='word_1_198' title='bbox 1198 1977 1292 2031; x_wconf 88' lang='grc' dir='ltr'>τούτων</span> <span class='ocrx_word' id='word_1_199' title='bbox 1343 1981 1393 2030; x_wconf 84' lang='grc' dir='ltr'><strong>τῶν</strong></span> <span class='ocrx_word' id='word_1_200' title='bbox 1439 1975 1549 2047; x_wconf 84' lang='grc' dir='ltr'>ματαίον</span> <span class='ocrx_word' id='word_1_201' title='bbox 1598 1975 1749 2047; x_wconf 68' lang='grc' dir='ltr'>ἐπιστρέφειν</span> <span class='ocrx_word' id='word_1_202' title='bbox 1799 1974 1839 2028; x_wconf 69' lang='lat' dir='ltr'><strong>iai</strong></span> 
     </span>
     <span class='ocr_line' id='line_1_19' title="bbox 511 2062 1840 2134; baseline 0.002 -21"><span class='ocrx_word' id='word_1_203' title='bbox 511 2067 538 2114; x_wconf 88' lang='lat' dir='ltr'><strong>et</strong></span> <span class='ocrx_word' id='word_1_204' title='bbox 556 2066 653 2116; x_wconf 84' lang='lat' dir='ltr'><strong>omnia</strong></span> <span class='ocrx_word' id='word_1_205' title='bbox 667 2078 741 2130; x_wconf 83' lang='lat' dir='ltr'><strong>quae</strong></span> <span class='ocrx_word' id='word_1_206' title='bbox 762 2068 793 2117; x_wconf 91' lang='lat' dir='ltr'><strong>in</strong></span> <span class='ocrx_word' id='word_1_207' title='bbox 816 2070 858 2120; x_wconf 88' lang='lat' dir='ltr'><strong>ets</strong></span> <span class='ocrx_word' id='word_1_208' title='bbox 872 2072 959 2121; x_wconf 88' lang='lat' dir='ltr'><strong>sunt:</strong></span> <span class='ocrx_word' id='word_1_209' title='bbox 979 2070 1021 2121; x_wconf 86' lang='grc'><strong>15.</strong></span> <span class='ocrx_word' id='word_1_210' title='bbox 1046 2070 1101 2131; x_wconf 85' lang='lat' dir='ltr'><strong>Qui</strong></span> <span class='ocrx_word' id='word_1_211' title='bbox 1123 2071 1153 2121; x_wconf 89' lang='lat' dir='ltr'><strong>in</strong></span> <span class='ocrx_word' id='word_1_212' title='bbox 1198 2065 1261 2120; x_wconf 73' lang='grc' dir='ltr'>θεὸν</span> <span class='ocrx_word' id='word_1_213' title='bbox 1287 2068 1383 2128; x_wconf 78' lang='grc' dir='ltr'>ζῶντα,</span> <span class='ocrx_word' id='word_1_214' title='bbox 1402 2066 1430 2127; x_wconf 66' lang='lat' dir='ltr'><strong>i&lt;</strong></span> <span class='ocrx_word' id='word_1_215' title='bbox 1451 2063 1565 2131; x_wconf 72' lang='lat' dir='ltr'><strong>lacincti</strong></span> <span class='ocrx_word' id='word_1_216' title='bbox 1590 2062 1633 2117; x_wconf 85' lang='grc' dir='ltr'><strong>τθν</strong></span> <span class='ocrx_word' id='word_1_217' title='bbox 1661 2063 1766 2134; x_wconf 73' lang='grc' dir='ltr'>οὔρανθν</span> <span class='ocrx_word' id='word_1_218' title='bbox 1797 2063 1840 2116; x_wconf 76' lang='grc' dir='ltr'><strong>καὶ</strong></span> 
     </span>
     <span class='ocr_line' id='line_1_20' title="bbox 506 2149 1839 2224; baseline 0.001 -23"><span class='ocrx_word' id='word_1_219' title='bbox 506 2153 666 2215; x_wconf 85' lang='lat' dir='ltr'><strong>praeteritis</strong></span> <span class='ocrx_word' id='word_1_220' title='bbox 685 2156 917 2216; x_wconf 75' lang='lat' dir='ltr'><strong>generationibus</strong></span> <span class='ocrx_word' id='word_1_221' title='bbox 935 2156 1041 2209; x_wconf 74' lang='lat' dir='ltr'><strong>dimisa</strong></span> <span class='ocrx_word' id='word_1_222' title='bbox 1055 2154 1170 2209; x_wconf 84' lang='lat' dir='ltr'><strong>ornnes‘</strong></span> <span class='ocrx_word' id='word_1_223' title='bbox 1197 2152 1243 2220; x_wconf 76' lang='grc' dir='ltr'><strong>τὴν</strong></span> <span class='ocrx_word' id='word_1_224' title='bbox 1260 2156 1319 2224; x_wconf 54' lang='grc' dir='ltr'>’γῆν</span> <span class='ocrx_word' id='word_1_225' title='bbox 1349 2151 1392 2206; x_wconf 80' lang='grc' dir='ltr'><strong>καὶ</strong></span> <span class='ocrx_word' id='word_1_226' title='bbox 1417 2149 1463 2217; x_wconf 80' lang='grc' dir='ltr'><strong>τὴν</strong></span> <span class='ocrx_word' id='word_1_227' title='bbox 1486 2150 1613 2204; x_wconf 88' lang='grc' dir='ltr'>θάλασσαν</span> <span class='ocrx_word' id='word_1_228' title='bbox 1637 2149 1680 2203; x_wconf 75' lang='grc' dir='ltr'><strong>καὶ</strong></span> <span class='ocrx_word' id='word_1_229' title='bbox 1704 2150 1839 2204; x_wconf 77' lang='grc' dir='ltr'>πάντατὰ</span> 
     </span>
     <span class='ocr_line' id='line_1_21' title="bbox 506 2238 1839 2311; baseline 0.002 -21"><span class='ocrx_word' id='word_1_230' title='bbox 506 2243 606 2304; x_wconf 73' lang='lat' dir='ltr'><strong>gentes</strong></span> <span class='ocrx_word' id='word_1_231' title='bbox 625 2241 735 2304; x_wconf 77' lang='lat' dir='ltr'><strong>ingredi</strong></span> <span class='ocrx_word' id='word_1_232' title='bbox 752 2244 814 2294; x_wconf 88' lang='lat' dir='ltr'><strong>vias</strong></span> <span class='ocrx_word' id='word_1_233' title='bbox 828 2257 905 2296; x_wconf 87' lang='lat' dir='ltr'><strong>suas.</strong></span> <span class='ocrx_word' id='word_1_234' title='bbox 929 2244 971 2296; x_wconf 86' lang='grc'><strong>16.</strong></span> <span class='ocrx_word' id='word_1_235' title='bbox 990 2244 1025 2297; x_wconf 81' lang='lat' dir='ltr'><strong>nt</strong></span> <span class='ocrx_word' id='word_1_236' title='bbox 1039 2246 1153 2311; x_wconf 83' lang='lat' dir='ltr'><strong>quidem</strong></span> <span class='ocrx_word' id='word_1_237' title='bbox 1198 2239 1224 2295; x_wconf 78' lang='grc' dir='ltr'>ἔν</span> <span class='ocrx_word' id='word_1_238' title='bbox 1256 2239 1348 2304; x_wconf 78' lang='grc' dir='ltr'>αύτοῖς·</span> <span class='ocrx_word' id='word_1_239' title='bbox 1381 2245 1423 2295; x_wconf 78' lang='lat' dir='ltr'><strong>ti.</strong></span> <span class='ocrx_word' id='word_1_240' title='bbox 1451 2240 1479 2302; x_wconf 85' lang='grc' dir='ltr'><strong>ός</strong></span> <span class='ocrx_word' id='word_1_241' title='bbox 1506 2238 1533 2293; x_wconf 81' lang='lat' dir='ltr'><strong>br</strong></span> <span class='ocrx_word' id='word_1_242' title='bbox 1563 2241 1618 2301; x_wconf 74' lang='grc' dir='ltr'>ταῖς</span> <span class='ocrx_word' id='word_1_243' title='bbox 1646 2241 1839 2311; x_wconf 67' lang='grc' dir='ltr'>παρῳχημέναις</span> 
     </span>
     <span class='ocr_line' id='line_1_22' title="bbox 508 2327 1838 2402; baseline 0.002 -24"><span class='ocrx_word' id='word_1_244' title='bbox 508 2341 566 2379; x_wconf 92' lang='lat' dir='ltr'><strong>non</strong></span> <span class='ocrx_word' id='word_1_245' title='bbox 580 2331 642 2381; x_wconf 89' lang='lat' dir='ltr'><strong>sine</strong></span> <span class='ocrx_word' id='word_1_246' title='bbox 658 2332 822 2383; x_wconf 88' lang='lat' dir='ltr'><strong>testimonio</strong></span> <span class='ocrx_word' id='word_1_247' title='bbox 835 2335 1021 2399; x_wconf 85' lang='lat' dir='ltr'><strong>semetipsum</strong></span> <span class='ocrx_word' id='word_1_248' title='bbox 1039 2334 1172 2399; x_wconf 80' lang='lat' dir='ltr'><strong>reliquit</strong></span> <span class='ocrx_word' id='word_1_249' title='bbox 1197 2331 1296 2402; x_wconf 78' lang='grc' dir='ltr'>γινιαῖς</span> <span class='ocrx_word' id='word_1_250' title='bbox 1323 2327 1404 2383; x_wconf 74' lang='grc' dir='ltr'>εἴασαν</span> <span class='ocrx_word' id='word_1_251' title='bbox 1430 2329 1512 2383; x_wconf 75' lang='grc' dir='ltr'>πάντα</span> <span class='ocrx_word' id='word_1_252' title='bbox 1539 2327 1570 2382; x_wconf 78' lang='grc' dir='ltr'><strong>τὰ</strong></span> <span class='ocrx_word' id='word_1_253' title='bbox 1601 2327 1659 2395; x_wconf 78' lang='grc' dir='ltr'>ἔθνη</span> <span class='ocrx_word' id='word_1_254' title='bbox 1692 2327 1838 2398; x_wconf 87' lang='grc' dir='ltr'>πορεύεσθαι</span> 
     </span>
     <span class='ocr_line' id='line_1_23' title="bbox 506 2413 1838 2489; baseline 0.001 -21"><span class='ocrx_word' id='word_1_255' title='bbox 506 2417 686 2471; x_wconf 86' lang='lat' dir='ltr'><strong>beneiaoiens</strong></span> <span class='ocrx_word' id='word_1_256' title='bbox 712 2419 747 2472; x_wconf 88' lang='lat' dir='ltr'><strong>de</strong></span> <span class='ocrx_word' id='word_1_257' title='bbox 769 2422 866 2485; x_wconf 85' lang='lat' dir='ltr'><strong>coeio,</strong></span> <span class='ocrx_word' id='word_1_258' title='bbox 890 2421 963 2474; x_wconf 87' lang='lat' dir='ltr'><strong>dans</strong></span> <span class='ocrx_word' id='word_1_259' title='bbox 990 2422 1101 2488; x_wconf 85' lang='lat' dir='ltr'><strong>pluvias</strong></span> <span class='ocrx_word' id='word_1_260' title='bbox 1125 2424 1154 2475; x_wconf 88' lang='lat' dir='ltr'><strong>et</strong></span> <span class='ocrx_word' id='word_1_261' title='bbox 1197 2420 1253 2483; x_wconf 78' lang='grc' dir='ltr'>ταῖς</span> <span class='ocrx_word' id='word_1_262' title='bbox 1270 2417 1338 2480; x_wconf 78' lang='grc' dir='ltr'><strong>όδοῖς</strong></span> <span class='ocrx_word' id='word_1_263' title='bbox 1355 2416 1448 2472; x_wconf 80' lang='grc' dir='ltr'>αύτῶν·</span> <span class='ocrx_word' id='word_1_264' title='bbox 1471 2421 1513 2473; x_wconf 84' lang='grc'><strong>16.</strong></span> <span class='ocrx_word' id='word_1_265' title='bbox 1533 2416 1614 2471; x_wconf 75' lang='grc' dir='ltr'>καίτοι</span> <span class='ocrx_word' id='word_1_266' title='bbox 1632 2413 1679 2471; x_wconf 76' lang='grc' dir='ltr'><strong>οὐκ</strong></span> <span class='ocrx_word' id='word_1_267' title='bbox 1696 2416 1838 2489; x_wconf 73' lang='grc' dir='ltr'>ἀμάρτυρον</span> 
     </span>
     <span class='ocr_line' id='line_1_24' title="bbox 507 2503 1838 2579; baseline 0.001 -22"><span class='ocrx_word' id='word_1_268' title='bbox 507 2509 635 2571; x_wconf 87' lang='lat' dir='ltr'><strong>tempora</strong></span> <span class='ocrx_word' id='word_1_269' title='bbox 654 2503 811 2570; x_wconf 76' lang='lat' dir='ltr'><strong>fructifera,</strong></span> <span class='ocrx_word' id='word_1_270' title='bbox 827 2510 950 2575; x_wconf 87' lang='lat' dir='ltr'><strong>implens</strong></span> <span class='ocrx_word' id='word_1_271' title='bbox 964 2511 1029 2564; x_wconf 90' lang='lat' dir='ltr'><strong>cibo</strong></span> <span class='ocrx_word' id='word_1_272' title='bbox 1046 2515 1076 2564; x_wconf 86' lang='lat' dir='ltr'><strong>ct</strong></span> <span class='ocrx_word' id='word_1_273' title='bbox 1097 2513 1153 2564; x_wconf 85' lang='lat' dir='ltr'><strong>iae·</strong></span> <span class='ocrx_word' id='word_1_274' title='bbox 1198 2507 1273 2562; x_wconf 85' lang='grc' dir='ltr'>αύτόν</span> <span class='ocrx_word' id='word_1_275' title='bbox 1298 2506 1401 2578; x_wconf 82' lang='grc' dir='ltr'>όρῆκεν,</span> <span class='ocrx_word' id='word_1_276' title='bbox 1422 2505 1595 2579; x_wconf 70' lang='grc' dir='ltr'>ἀγαθουργῶν,</span> <span class='ocrx_word' id='word_1_277' title='bbox 1616 2504 1751 2577; x_wconf 72' lang='grc' dir='ltr'>οὐρανόθεν</span> <span class='ocrx_word' id='word_1_278' title='bbox 1776 2504 1838 2576; x_wconf 80' lang='grc' dir='ltr'>ύμῖν</span> 
     </span>
     <span class='ocr_line' id='line_1_25' title="bbox 506 2586 1836 2665; baseline 0.001 -21"><span class='ocrx_word' id='word_1_279' title='bbox 506 2595 568 2646; x_wconf 82' lang='lat' dir='ltr'><strong>titia</strong></span> <span class='ocrx_word' id='word_1_280' title='bbox 586 2595 671 2648; x_wconf 87' lang='lat' dir='ltr'><strong>corda</strong></span> <span class='ocrx_word' id='word_1_281' title='bbox 690 2604 797 2650; x_wconf 84' lang='lat' dir='ltr'><strong>nostra.</strong></span> <span class='ocrx_word' id='word_1_282' title='bbox 817 2599 860 2650; x_wconf 88' lang='grc'><strong>17.</strong></span> <span class='ocrx_word' id='word_1_283' title='bbox 877 2599 912 2650; x_wconf 82' lang='lat' dir='ltr'><strong>Et</strong></span> <span class='ocrx_word' id='word_1_284' title='bbox 925 2600 998 2652; x_wconf 79' lang='lat' dir='ltr'><strong>haec</strong></span> <span class='ocrx_word' id='word_1_285' title='bbox 1013 2600 1151 2663; x_wconf 82' lang='lat' dir='ltr'><strong>dicentes,</strong></span> <span class='ocrx_word' id='word_1_286' title='bbox 1196 2586 1282 2659; x_wconf 74' lang='grc' dir='ltr'>ύττούς</span> <span class='ocrx_word' id='word_1_287' title='bbox 1320 2594 1402 2658; x_wconf 74' lang='grc' dir='ltr'>διδούς</span> <span class='ocrx_word' id='word_1_288' title='bbox 1440 2593 1483 2647; x_wconf 81' lang='grc' dir='ltr'><strong>καλ</strong></span> <span class='ocrx_word' id='word_1_289' title='bbox 1522 2593 1621 2664; x_wconf 63' lang='grc' dir='ltr'>καιροὺς</span> <span class='ocrx_word' id='word_1_290' title='bbox 1654 2596 1836 2665; x_wconf 76' lang='grc' dir='ltr'>καρποφόρους,</span> 
     </span>
     <span class='ocr_line' id='line_1_26' title="bbox 506 2679 1840 2757; baseline 0.001 -24"><span class='ocrx_word' id='word_1_291' title='bbox 506 2684 554 2734; x_wconf 79' lang='lat' dir='ltr'><strong>vix</strong></span> <span class='ocrx_word' id='word_1_292' title='bbox 578 2684 751 2738; x_wconf 84' lang='lat' dir='ltr'><strong>sedaverunt</strong></span> <span class='ocrx_word' id='word_1_293' title='bbox 777 2687 888 2750; x_wconf 87' lang='lat' dir='ltr'><strong>turbas,</strong></span> <span class='ocrx_word' id='word_1_294' title='bbox 913 2700 950 2741; x_wconf 88' lang='lat' dir='ltr'><strong>ne</strong></span> <span class='ocrx_word' id='word_1_295' title='bbox 978 2689 1032 2741; x_wconf 88' lang='lat' dir='ltr'><strong>sibi</strong></span> <span class='ocrx_word' id='word_1_296' title='bbox 1055 2688 1153 2740; x_wconf 84' lang='lat' dir='ltr'><strong>immo·</strong></span> <span class='ocrx_word' id='word_1_297' title='bbox 1198 2683 1325 2757; x_wconf 74' lang='grc' dir='ltr'>1μπιτλῦν</span> <span class='ocrx_word' id='word_1_298' title='bbox 1343 2686 1435 2755; x_wconf 80' lang='grc' dir='ltr'>τρορῆς</span> <span class='ocrx_word' id='word_1_299' title='bbox 1451 2682 1495 2736; x_wconf 78' lang='grc' dir='ltr'><strong>καὶ</strong></span> <span class='ocrx_word' id='word_1_300' title='bbox 1512 2679 1659 2753; x_wconf 85' lang='grc' dir='ltr'>ιθρροούνης</span> <span class='ocrx_word' id='word_1_301' title='bbox 1678 2680 1721 2744; x_wconf 72' lang='grc' dir='ltr'><strong>τὰς</strong></span> <span class='ocrx_word' id='word_1_302' title='bbox 1738 2682 1840 2753; x_wconf 75' lang='grc' dir='ltr'>καρδίας</span> 
     </span>
     <span class='ocr_line' id='line_1_27' title="bbox 506 2769 1836 2846; baseline 0.002 -24"><span class='ocrx_word' id='word_1_303' title='bbox 506 2772 607 2823; x_wconf 87' lang='lat' dir='ltr'><strong>larent.</strong></span> <span class='ocrx_word' id='word_1_304' title='bbox 1162 2804 1164 2809; x_wconf 93' lang='lat'>·</span> <span class='ocrx_word' id='word_1_305' title='bbox 1197 2773 1277 2846; x_wconf 82' lang='grc' dir='ltr'>ύμῶν.</span> <span class='ocrx_word' id='word_1_306' title='bbox 1309 2776 1352 2829; x_wconf 89' lang='grc'><strong>17.</strong></span> <span class='ocrx_word' id='word_1_307' title='bbox 1370 2771 1413 2825; x_wconf 77' lang='grc' dir='ltr'><strong>καὶ</strong></span> <span class='ocrx_word' id='word_1_308' title='bbox 1435 2774 1513 2825; x_wconf 77' lang='grc' dir='ltr'>ταῦτα</span> <span class='ocrx_word' id='word_1_309' title='bbox 1531 2769 1661 2842; x_wconf 77' lang='grc' dir='ltr'>λέγοντες,</span> <span class='ocrx_word' id='word_1_310' title='bbox 1683 2770 1757 2842; x_wconf 86' lang='grc' dir='ltr'>μόλις</span> <span class='ocrx_word' id='word_1_311' title='bbox 1774 2788 1836 2824; x_wconf 86' lang='grc' dir='ltr'>κατ-</span> 
     </span>
    </p>

    <p class='ocr_par' dir='ltr' id='par_1_6' title="bbox 508 2857 1839 3552">
     <span class='ocr_line' id='line_1_28' title="bbox 547 2857 1836 2931; baseline 0.002 -20"><span class='ocrx_word' id='word_1_312' title='bbox 547 2860 589 2912; x_wconf 87' lang='grc'><strong>18.</strong></span> <span class='ocrx_word' id='word_1_313' title='bbox 613 2861 845 2927; x_wconf 82' lang='lat' dir='ltr'><strong>Supervenerunt</strong></span> <span class='ocrx_word' id='word_1_314' title='bbox 865 2870 961 2917; x_wconf 81' lang='lat' dir='ltr'><strong>autem</strong></span> <span class='ocrx_word' id='word_1_315' title='bbox 982 2865 1097 2930; x_wconf 87' lang='lat' dir='ltr'><strong>quidam</strong></span> <span class='ocrx_word' id='word_1_316' title='bbox 1118 2865 1153 2916; x_wconf 85' lang='lat' dir='ltr'><strong>ab</strong></span> <span class='ocrx_word' id='word_1_317' title='bbox 1199 2865 1306 2917; x_wconf 78' lang='grc' dir='ltr'>ύτταυααν</span> <span class='ocrx_word' id='word_1_318' title='bbox 1328 2861 1385 2923; x_wconf 75' lang='grc' dir='ltr'>τούς</span> <span class='ocrx_word' id='word_1_319' title='bbox 1407 2860 1498 2931; x_wconf 76' lang='grc' dir='ltr'>ὄχλους</span> <span class='ocrx_word' id='word_1_320' title='bbox 1523 2863 1566 2913; x_wconf 81' lang='grc' dir='ltr'><strong>τοῦ</strong></span> <span class='ocrx_word' id='word_1_321' title='bbox 1591 2857 1625 2929; x_wconf 78' lang='grc' dir='ltr'>μὴ</span> <span class='ocrx_word' id='word_1_322' title='bbox 1651 2859 1716 2913; x_wconf 73' lang='grc' dir='ltr'>θύειν</span> <span class='ocrx_word' id='word_1_323' title='bbox 1741 2857 1836 2923; x_wconf 64' lang='lat' dir='ltr'><strong>sisois.</strong></span> 
     </span>
     <span class='ocr_line' id='line_1_29' title="bbox 510 2944 1837 3018; baseline 0.002 -20"><span class='ocrx_word' id='word_1_324' title='bbox 510 2949 661 3001; x_wconf 75' lang='lat' dir='ltr'><strong>Antiochia</strong></span> <span class='ocrx_word' id='word_1_325' title='bbox 674 2957 703 3003; x_wconf 90' lang='lat' dir='ltr'><strong>et</strong></span> <span class='ocrx_word' id='word_1_326' title='bbox 717 2952 815 3004; x_wconf 90' lang='lat' dir='ltr'><strong>iconio</strong></span> <span class='ocrx_word' id='word_1_327' title='bbox 832 2952 945 3014; x_wconf 87' lang='lat' dir='ltr'><strong>Iudasi;</strong></span> <span class='ocrx_word' id='word_1_328' title='bbox 966 2958 995 3004; x_wconf 88' lang='lat' dir='ltr'><strong>ct</strong></span> <span class='ocrx_word' id='word_1_329' title='bbox 1011 2954 1155 3017; x_wconf 87' lang='lat' dir='ltr'><strong>persuasis</strong></span> <span class='ocrx_word' id='word_1_330' title='bbox 1237 2954 1278 3004; x_wconf 88' lang='grc'><strong>18.</strong></span> <span class='ocrx_word' id='word_1_331' title='bbox 1298 2948 1424 3016; x_wconf 80' lang='grc' dir='ltr'>Ἐπῆλθον</span> <span class='ocrx_word' id='word_1_332' title='bbox 1443 2946 1470 3002; x_wconf 81' lang='lat' dir='ltr'><strong>ai</strong></span> <span class='ocrx_word' id='word_1_333' title='bbox 1488 2945 1537 3002; x_wconf 75' lang='lat' dir='ltr'><strong>dab</strong></span> <span class='ocrx_word' id='word_1_334' title='bbox 1555 2944 1705 3018; x_wconf 77' lang='grc' dir='ltr'>Ἀντιοχείας</span> <span class='ocrx_word' id='word_1_335' title='bbox 1723 2948 1764 3000; x_wconf 78' lang='grc' dir='ltr'><strong>καὶ</strong></span> <span class='ocrx_word' id='word_1_336' title='bbox 1777 2948 1837 3001; x_wconf 87' lang='grc' dir='ltr'>Ἰκο-</span> 
     </span>
     <span class='ocr_line' id='line_1_30' title="bbox 511 3035 1837 3107; baseline 0.001 -20"><span class='ocrx_word' id='word_1_337' title='bbox 511 3038 613 3099; x_wconf 87' lang='lat' dir='ltr'><strong>turbis,</strong></span> <span class='ocrx_word' id='word_1_338' title='bbox 644 3039 860 3104; x_wconf 72' lang='lat' dir='ltr'><strong>lapidantesque</strong></span> <span class='ocrx_word' id='word_1_339' title='bbox 893 3041 1028 3103; x_wconf 90' lang='lat' dir='ltr'><strong>Paulum,</strong></span> <span class='ocrx_word' id='word_1_340' title='bbox 1056 3043 1153 3093; x_wconf 84' lang='lat' dir='ltr'><strong>traxe·</strong></span> <span class='ocrx_word' id='word_1_341' title='bbox 1198 3037 1252 3091; x_wconf 79' lang='grc' dir='ltr'>νύου</span> <span class='ocrx_word' id='word_1_342' title='bbox 1272 3035 1405 3101; x_wconf 78' lang='grc' dir='ltr'>Ἰουδαῖοι,</span> <span class='ocrx_word' id='word_1_343' title='bbox 1429 3035 1471 3090; x_wconf 80' lang='grc' dir='ltr'><strong>καὶ</strong></span> <span class='ocrx_word' id='word_1_344' title='bbox 1492 3035 1619 3098; x_wconf 72' lang='grc' dir='ltr'>παύσαντες</span> <span class='ocrx_word' id='word_1_345' title='bbox 1645 3037 1702 3099; x_wconf 75' lang='grc' dir='ltr'>τούς</span> <span class='ocrx_word' id='word_1_346' title='bbox 1728 3035 1837 3107; x_wconf 77' lang='grc' dir='ltr'>όχλους,</span> 
     </span>
     <span class='ocr_line' id='line_1_31' title="bbox 508 3123 1839 3196; baseline 0.002 -22"><span class='ocrx_word' id='word_1_347' title='bbox 508 3131 574 3177; x_wconf 87' lang='lat' dir='ltr'><strong>runt</strong></span> <span class='ocrx_word' id='word_1_348' title='bbox 595 3128 675 3179; x_wconf 82' lang='lat' dir='ltr'><strong>extra</strong></span> <span class='ocrx_word' id='word_1_349' title='bbox 695 3129 854 3190; x_wconf 81' lang='lat' dir='ltr'><strong>civitatem,</strong></span> <span class='ocrx_word' id='word_1_350' title='bbox 874 3130 1070 3182; x_wconf 83' lang='lat' dir='ltr'><strong>cxistbnantes</strong></span> <span class='ocrx_word' id='word_1_351' title='bbox 1088 3142 1153 3181; x_wconf 87' lang='lat' dir='ltr'><strong>cum</strong></span> <span class='ocrx_word' id='word_1_352' title='bbox 1198 3125 1241 3179; x_wconf 76' lang='grc' dir='ltr'><strong>καὶ</strong></span> <span class='ocrx_word' id='word_1_353' title='bbox 1258 3125 1404 3188; x_wconf 77' lang='grc' dir='ltr'>λιθάσαντες</span> <span class='ocrx_word' id='word_1_354' title='bbox 1420 3124 1464 3178; x_wconf 72' lang='grc' dir='ltr'><strong>τὀν</strong></span> <span class='ocrx_word' id='word_1_355' title='bbox 1482 3123 1596 3195; x_wconf 77' lang='grc' dir='ltr'>Παῦλον,</span> <span class='ocrx_word' id='word_1_356' title='bbox 1616 3124 1701 3196; x_wconf 72' lang='grc' dir='ltr'>ἔσυρον</span> <span class='ocrx_word' id='word_1_357' title='bbox 1725 3124 1771 3186; x_wconf 76' lang='grc' dir='ltr'><strong>1ξο</strong></span> <span class='ocrx_word' id='word_1_358' title='bbox 1794 3128 1839 3192; x_wconf 74' lang='grc' dir='ltr'><strong>τῆς</strong></span> 
     </span>
     <span class='ocr_line' id='line_1_32' title="bbox 509 3210 1833 3286; baseline 0.003 -21"><span class='ocrx_word' id='word_1_359' title='bbox 509 3216 648 3267; x_wconf 85' lang='lat' dir='ltr'><strong>mortuum</strong></span> <span class='ocrx_word' id='word_1_360' title='bbox 671 3229 744 3269; x_wconf 83' lang='lat' dir='ltr'><strong>esso.</strong></span> <span class='ocrx_word' id='word_1_361' title='bbox 770 3217 812 3269; x_wconf 89' lang='grc'><strong>19.</strong></span> <span class='ocrx_word' id='word_1_362' title='bbox 836 3216 1082 3270; x_wconf 81' lang='lat' dir='ltr'><strong>circumdantibus</strong></span> <span class='ocrx_word' id='word_1_363' title='bbox 1104 3231 1153 3269; x_wconf 88' lang='lat' dir='ltr'><strong>au·</strong></span> <span class='ocrx_word' id='word_1_364' title='bbox 1198 3214 1308 3285; x_wconf 85' lang='grc' dir='ltr'>τόλιως,</span> <span class='ocrx_word' id='word_1_365' title='bbox 1331 3214 1474 3286; x_wconf 71' lang='grc' dir='ltr'>νομῑζσντες</span> <span class='ocrx_word' id='word_1_366' title='bbox 1500 3210 1575 3267; x_wconf 81' lang='grc' dir='ltr'>αύτδν</span> <span class='ocrx_word' id='word_1_367' title='bbox 1607 3213 1762 3281; x_wconf 79' lang='grc' dir='ltr'>τεθνηκέναι.</span> <span class='ocrx_word' id='word_1_368' title='bbox 1791 3217 1833 3269; x_wconf 79' lang='lat' dir='ltr'><strong>is.</strong></span> 
     </span>
     <span class='ocr_line' id='line_1_33' title="bbox 508 3301 1838 3373; baseline -0.001 -18"><span class='ocrx_word' id='word_1_369' title='bbox 508 3308 563 3355; x_wconf 87' lang='lat' dir='ltr'><strong>tem</strong></span> <span class='ocrx_word' id='word_1_370' title='bbox 579 3317 643 3356; x_wconf 81' lang='lat' dir='ltr'><strong>euin</strong></span> <span class='ocrx_word' id='word_1_371' title='bbox 660 3306 819 3370; x_wconf 82' lang='lat' dir='ltr'><strong>discipulis,</strong></span> <span class='ocrx_word' id='word_1_372' title='bbox 838 3319 959 3371; x_wconf 73' lang='lat' dir='ltr'><strong>surgens</strong></span> <span class='ocrx_word' id='word_1_373' title='bbox 979 3307 1095 3358; x_wconf 85' lang='lat' dir='ltr'><strong>intravit</strong></span> <span class='ocrx_word' id='word_1_374' title='bbox 1112 3308 1153 3358; x_wconf 93' lang='lat' dir='ltr'><strong>ci·</strong></span> <span class='ocrx_word' id='word_1_375' title='bbox 1198 3302 1381 3357; x_wconf 73' lang='grc' dir='ltr'>κυκλωσάντων</span> <span class='ocrx_word' id='word_1_376' title='bbox 1399 3302 1426 3356; x_wconf 80' lang='grc' dir='ltr'><strong>θλ</strong></span> <span class='ocrx_word' id='word_1_377' title='bbox 1438 3308 1489 3356; x_wconf 84' lang='grc' dir='ltr'><strong>τῶν</strong></span> <span class='ocrx_word' id='word_1_378' title='bbox 1502 3302 1619 3373; x_wconf 84' lang='grc' dir='ltr'>μαθητῶν</span> <span class='ocrx_word' id='word_1_379' title='bbox 1634 3301 1710 3356; x_wconf 75' lang='lat' dir='ltr'><strong>airis</strong></span> <span class='ocrx_word' id='word_1_380' title='bbox 1730 3301 1838 3363; x_wconf 78' lang='grc' dir='ltr'>ιἰναστέις</span> 
     </span>
     <span class='ocr_line' id='line_1_34' title="bbox 508 3388 1837 3463; baseline 0.002 -22"><span class='ocrx_word' id='word_1_381' title='bbox 508 3395 639 3452; x_wconf 80' lang='lat' dir='ltr'><strong>uitatem,</strong></span> <span class='ocrx_word' id='word_1_382' title='bbox 667 3400 695 3446; x_wconf 86' lang='lat' dir='ltr'><strong>ct</strong></span> <span class='ocrx_word' id='word_1_383' title='bbox 722 3397 838 3459; x_wconf 81' lang='lat' dir='ltr'><strong>postera</strong></span> <span class='ocrx_word' id='word_1_384' title='bbox 863 3395 909 3447; x_wconf 89' lang='lat' dir='ltr'><strong>dle</strong></span> <span class='ocrx_word' id='word_1_385' title='bbox 938 3394 1081 3459; x_wconf 77' lang='lat' dir='ltr'><strong>proiectus</strong></span> <span class='ocrx_word' id='word_1_386' title='bbox 1110 3399 1154 3448; x_wconf 87' lang='lat' dir='ltr'><strong>est</strong></span> <span class='ocrx_word' id='word_1_387' title='bbox 1198 3392 1313 3459; x_wconf 78' lang='grc' dir='ltr'>τίοῆλθιν</span> <span class='ocrx_word' id='word_1_388' title='bbox 1345 3390 1378 3454; x_wconf 79' lang='grc' dir='ltr'><strong>εἰς</strong></span> <span class='ocrx_word' id='word_1_389' title='bbox 1407 3388 1451 3456; x_wconf 75' lang='grc' dir='ltr'><strong>τὴν</strong></span> <span class='ocrx_word' id='word_1_390' title='bbox 1478 3388 1563 3445; x_wconf 84' lang='grc' dir='ltr'>πόλιν·</span> <span class='ocrx_word' id='word_1_391' title='bbox 1587 3391 1630 3443; x_wconf 79' lang='grc' dir='ltr'><strong>καὶ</strong></span> <span class='ocrx_word' id='word_1_392' title='bbox 1657 3399 1688 3463; x_wconf 75' lang='grc' dir='ltr'><strong>τῇ</strong></span> <span class='ocrx_word' id='word_1_393' title='bbox 1721 3389 1837 3461; x_wconf 73' lang='grc' dir='ltr'>ἐπαύριον</span> 
     </span>
     <span class='ocr_line' id='line_1_35' title="bbox 508 3476 1724 3552; baseline 0.002 -21"><span class='ocrx_word' id='word_1_394' title='bbox 508 3494 571 3532; x_wconf 85' lang='lat' dir='ltr'><strong>cum</strong></span> <span class='ocrx_word' id='word_1_395' title='bbox 587 3483 718 3533; x_wconf 84' lang='lat' dir='ltr'><strong>Barnaba</strong></span> <span class='ocrx_word' id='word_1_396' title='bbox 735 3485 765 3533; x_wconf 92' lang='lat' dir='ltr'><strong>in</strong></span> <span class='ocrx_word' id='word_1_397' title='bbox 780 3484 901 3536; x_wconf 74' lang='lat' dir='ltr'><strong>barben.</strong></span> <span class='ocrx_word' id='word_1_398' title='bbox 1198 3479 1300 3548; x_wconf 74' lang='grc' dir='ltr'>ἐξῆλθαν</span> <span class='ocrx_word' id='word_1_399' title='bbox 1319 3480 1363 3533; x_wconf 64' lang='lat' dir='ltr'><strong>erar</strong></span> <span class='ocrx_word' id='word_1_400' title='bbox 1381 3485 1417 3552; x_wconf 78' lang='grc' dir='ltr'><strong>τῷ</strong></span> <span class='ocrx_word' id='word_1_401' title='bbox 1434 3479 1553 3551; x_wconf 74' lang='grc' dir='ltr'>Βαρνιῖύᾳ</span> <span class='ocrx_word' id='word_1_402' title='bbox 1572 3476 1605 3542; x_wconf 82' lang='grc' dir='ltr'><strong>εἰς</strong></span> <span class='ocrx_word' id='word_1_403' title='bbox 1622 3479 1724 3550; x_wconf 73' lang='grc' dir='ltr'>Δέρόην.</span> 
     </span>
    </p>
   </div>
   <div class='ocr_carea' id='block_1_5' title="bbox 508 3650 1838 4695">
    <p class='ocr_par' dir='ltr' id='par_1_7' title="bbox 508 3650 1838 4695">
     <span class='ocr_line' id='line_1_36' title="bbox 544 3650 1837 3718; baseline 0.001 -17"><span class='ocrx_word' id='word_1_404' title='bbox 544 3652 576 3701; x_wconf 92' lang='lat' dir='ltr'><strong>in</strong></span> <span class='ocrx_word' id='word_1_405' title='bbox 591 3665 619 3702; x_wconf 91' lang='lat' dir='ltr'><strong>v.</strong></span> <span class='ocrx_word' id='word_1_406' title='bbox 636 3652 652 3701; x_wconf 90' lang='lat'>8</span> <span class='ocrx_word' id='word_1_407' title='bbox 668 3654 718 3716; x_wconf 78' lang='lat' dir='ltr'><strong>gig</strong></span> <span class='ocrx_word' id='word_1_408' title='bbox 735 3652 782 3703; x_wconf 90' lang='lat' dir='ltr'><strong>hic</strong></span> <span class='ocrx_word' id='word_1_409' title='bbox 795 3665 860 3703; x_wconf 90' lang='lat' dir='ltr'><strong>cum</strong></span> <span class='ocrx_word' id='word_1_410' title='bbox 874 3651 1001 3704; x_wconf 82' lang='lat' dir='ltr'><strong>audisset</strong></span> <span class='ocrx_word' id='word_1_411' title='bbox 1020 3651 1140 3705; x_wconf 88' lang='lat' dir='ltr'><strong>Paulum</strong></span> <span class='ocrx_word' id='word_1_412' title='bbox 1155 3652 1317 3718; x_wconf 87' lang='lat' dir='ltr'><strong>loquentem</strong></span> <span class='ocrx_word' id='word_1_413' title='bbox 1335 3651 1467 3712; x_wconf 87' lang='lat' dir='ltr'><strong>credidit;</strong></span> <span class='ocrx_word' id='word_1_414' title='bbox 1481 3663 1564 3716; x_wconf 79' lang='lat' dir='ltr'><strong>qtiem</strong></span> <span class='ocrx_word' id='word_1_415' title='bbox 1584 3663 1648 3702; x_wconf 89' lang='lat' dir='ltr'><strong>cum</strong></span> <span class='ocrx_word' id='word_1_416' title='bbox 1666 3650 1837 3703; x_wconf 84' lang='lat' dir='ltr'><strong>intendisset</strong></span> 
     </span>
     <span class='ocr_line' id='line_1_37' title="bbox 508 3738 1833 3809; baseline -0.002 -18"><span class='ocrx_word' id='word_1_417' title='bbox 508 3740 612 3791; x_wconf 86' lang='lat' dir='ltr'><strong>Paulus</strong></span> <span class='ocrx_word' id='word_1_418' title='bbox 627 3746 656 3791; x_wconf 89' lang='lat' dir='ltr'><strong>et</strong></span> <span class='ocrx_word' id='word_1_419' title='bbox 669 3739 787 3792; x_wconf 87' lang='lat' dir='ltr'><strong>vidisset</strong></span> <span class='ocrx_word' id='word_1_420' title='bbox 801 3745 855 3792; x_wconf 89' lang='lat' dir='ltr'><strong>etc.</strong></span> <span class='ocrx_word' id='word_1_421' title='bbox 873 3740 929 3792; x_wconf 87' lang='lat' dir='ltr'><strong>add</strong></span> <span class='ocrx_word' id='word_1_422' title='bbox 944 3741 967 3791; x_wconf 88' lang='lat' dir='ltr'>D</span> <span class='ocrx_word' id='word_1_423' title='bbox 982 3756 1099 3809; x_wconf 73' lang='grc' dir='ltr'>υπαρχων</span> <span class='ocrx_word' id='word_1_424' title='bbox 1112 3755 1139 3791; x_wconf 88' lang='grc' dir='ltr'>ιν</span> <span class='ocrx_word' id='word_1_425' title='bbox 1151 3738 1269 3808; x_wconf 78' lang='grc' dir='ltr'>ροόωςη</span> <span class='ocrx_word' id='word_1_426' title='bbox 1286 3741 1333 3792; x_wconf 90' lang='lat' dir='ltr'><strong>hic</strong></span> <span class='ocrx_word' id='word_1_427' title='bbox 1348 3740 1469 3793; x_wconf 87' lang='lat' dir='ltr'><strong>ilbenter</strong></span> <span class='ocrx_word' id='word_1_428' title='bbox 1486 3739 1593 3791; x_wconf 83' lang='lat' dir='ltr'><strong>audivit</strong></span> <span class='ocrx_word' id='word_1_429' title='bbox 1611 3741 1741 3791; x_wconf 87' lang='lat' dir='ltr'><strong>Paulum.</strong></span> <span class='ocrx_word' id='word_1_430' title='bbox 1759 3740 1792 3791; x_wconf 91' lang='lat' dir='ltr'><strong>in</strong></span> <span class='ocrx_word' id='word_1_431' title='bbox 1805 3753 1833 3790; x_wconf 88' lang='grc' dir='ltr'><strong>ν.</strong></span> 
     </span>
     <span class='ocr_line' id='line_1_38' title="bbox 512 3824 1837 3899; baseline -0.002 -19"><span class='ocrx_word' id='word_1_432' title='bbox 512 3830 542 3880; x_wconf 85' lang='grc'><strong>10</strong></span> <span class='ocrx_word' id='word_1_433' title='bbox 558 3844 597 3877; x_wconf 90' lang='grc' dir='ltr'><strong>σοι</strong></span> <span class='ocrx_word' id='word_1_434' title='bbox 612 3824 681 3896; x_wconf 74' lang='grc' dir='ltr'>λτγυν</span> <span class='ocrx_word' id='word_1_435' title='bbox 695 3844 721 3878; x_wconf 83' lang='grc' dir='ltr'>εν</span> <span class='ocrx_word' id='word_1_436' title='bbox 735 3846 771 3879; x_wconf 82' lang='grc' dir='ltr'><strong>τω</strong></span> <span class='ocrx_word' id='word_1_437' title='bbox 785 3844 891 3899; x_wconf 83' lang='grc' dir='ltr'>ονοματι</span> <span class='ocrx_word' id='word_1_438' title='bbox 903 3844 947 3879; x_wconf 92' lang='grc' dir='ltr'><strong>του</strong></span> <span class='ocrx_word' id='word_1_439' title='bbox 965 3845 1049 3898; x_wconf 82' lang='grc' dir='ltr'>πυριου</span> <span class='ocrx_word' id='word_1_440' title='bbox 1068 3828 1165 3898; x_wconf 82' lang='grc' dir='ltr'>(ημυνν)</span> <span class='ocrx_word' id='word_1_441' title='bbox 1182 3845 1254 3894; x_wconf 87' lang='grc' dir='ltr'>ιησον</span> <span class='ocrx_word' id='word_1_442' title='bbox 1266 3844 1300 3897; x_wconf 75' lang='grc' dir='ltr'>χρ</span> <span class='ocrx_word' id='word_1_443' title='bbox 1312 3828 1393 3882; x_wconf 83' lang='lat' dir='ltr'><strong>ODE</strong></span> <span class='ocrx_word' id='word_1_444' title='bbox 1413 3829 1471 3893; x_wconf 86' lang='lat' dir='ltr'><strong>aliq</strong></span> <span class='ocrx_word' id='word_1_445' title='bbox 1488 3829 1599 3879; x_wconf 89' lang='lat' dir='ltr'><strong>minusc</strong></span> <span class='ocrx_word' id='word_1_446' title='bbox 1617 3827 1699 3879; x_wconf 86' lang='lat' dir='ltr'><strong>licat</strong></span> <span class='ocrx_word' id='word_1_447' title='bbox 1717 3829 1769 3880; x_wconf 85' lang='lat' dir='ltr'><strong>sali</strong></span> <span class='ocrx_word' id='word_1_448' title='bbox 1789 3841 1837 3893; x_wconf 81' lang='lat' dir='ltr'><strong>syr</strong></span> 
     </span>
     <span class='ocr_line' id='line_1_39' title="bbox 508 3913 1835 3986; baseline 0 -20"><span class='ocrx_word' id='word_1_449' title='bbox 508 3918 546 3981; x_wconf 90' lang='lat' dir='ltr'><strong>ph</strong></span> <span class='ocrx_word' id='word_1_450' title='bbox 560 3914 626 3983; x_wconf 72' lang='lat' dir='ltr'><strong>(mgl</strong></span> <span class='ocrx_word' id='word_1_451' title='bbox 644 3931 705 3968; x_wconf 85' lang='grc'><strong>11111</strong></span> <span class='ocrx_word' id='word_1_452' title='bbox 720 3918 838 3984; x_wconf 84' lang='lat' dir='ltr'><strong>Theoph</strong></span> <span class='ocrx_word' id='word_1_453' title='bbox 853 3917 923 3980; x_wconf 88' lang='lat' dir='ltr'><strong>Bed,</strong></span> <span class='ocrx_word' id='word_1_454' title='bbox 938 3920 967 3970; x_wconf 84' lang='lat' dir='ltr'><strong>et</strong></span> <span class='ocrx_word' id='word_1_455' title='bbox 981 3919 1004 3969; x_wconf 91' lang='lat' dir='ltr'>D</span> <span class='ocrx_word' id='word_1_456' title='bbox 1019 3919 1059 3983; x_wconf 87' lang='lat' dir='ltr'><strong>ph</strong></span> <span class='ocrx_word' id='word_1_457' title='bbox 1074 3916 1141 3985; x_wconf 78' lang='lat' dir='ltr'><strong>(mg)</strong></span> <span class='ocrx_word' id='word_1_458' title='bbox 1153 3917 1208 3969; x_wconf 87' lang='lat' dir='ltr'><strong>add</strong></span> <span class='ocrx_word' id='word_1_459' title='bbox 1221 3934 1263 3967; x_wconf 79' lang='grc' dir='ltr'><strong>και</strong></span> <span class='ocrx_word' id='word_1_460' title='bbox 1276 3932 1411 3985; x_wconf 65' lang='lat' dir='ltr'><strong>aspiraret,</strong></span> <span class='ocrx_word' id='word_1_461' title='bbox 1426 3913 1514 3974; x_wconf 83' lang='grc' dir='ltr'>ευθειυς</span> <span class='ocrx_word' id='word_1_462' title='bbox 1527 3930 1694 3986; x_wconf 69' lang='grc' dir='ltr'>παραχρημα.</span> <span class='ocrx_word' id='word_1_463' title='bbox 1707 3917 1740 3968; x_wconf 91' lang='lat' dir='ltr'><strong>In</strong></span> <span class='ocrx_word' id='word_1_464' title='bbox 1756 3929 1782 3966; x_wconf 88' lang='grc' dir='ltr'><strong>ν.</strong></span> <span class='ocrx_word' id='word_1_465' title='bbox 1803 3916 1835 3967; x_wconf 71' lang='grc'><strong>12</strong></span> 
     </span>
     <span class='ocr_line' id='line_1_40' title="bbox 511 4001 1837 4075; baseline -0.003 -18"><span class='ocrx_word' id='word_1_466' title='bbox 511 4006 534 4057; x_wconf 88' lang='lat' dir='ltr'>D</span> <span class='ocrx_word' id='word_1_467' title='bbox 551 4005 584 4057; x_wconf 88' lang='grc'><strong>96</strong></span> <span class='ocrx_word' id='word_1_468' title='bbox 599 4021 624 4053; x_wconf 91' lang='grc' dir='ltr'><strong>οι</strong></span> <span class='ocrx_word' id='word_1_469' title='bbox 633 4002 661 4055; x_wconf 83' lang='grc' dir='ltr'><strong>δι</strong></span> <span class='ocrx_word' id='word_1_470' title='bbox 677 4022 757 4074; x_wconf 84' lang='grc' dir='ltr'>ιερεις,</span> <span class='ocrx_word' id='word_1_471' title='bbox 768 4009 818 4072; x_wconf 82' lang='lat' dir='ltr'><strong>gig</strong></span> <span class='ocrx_word' id='word_1_472' title='bbox 831 4007 1004 4060; x_wconf 75' lang='lat' dir='ltr'><strong>sacerdotes·</strong></span> <span class='ocrx_word' id='word_1_473' title='bbox 1020 4008 1054 4058; x_wconf 90' lang='lat' dir='ltr'><strong>ln</strong></span> <span class='ocrx_word' id='word_1_474' title='bbox 1068 4020 1095 4058; x_wconf 85' lang='lat' dir='ltr'><strong>v.</strong></span> <span class='ocrx_word' id='word_1_475' title='bbox 1116 4006 1185 4059; x_wconf 87' lang='grc'><strong>111)</strong></span> <span class='ocrx_word' id='word_1_476' title='bbox 1201 4006 1229 4057; x_wconf 90' lang='lat' dir='ltr'><strong>lr</strong></span> <span class='ocrx_word' id='word_1_477' title='bbox 1248 4001 1470 4075; x_wconf 73' lang='grc' dir='ltr'>ευτγγτλιζυμινοι</span> <span class='ocrx_word' id='word_1_478' title='bbox 1484 4019 1544 4071; x_wconf 85' lang='grc' dir='ltr'>υμιν</span> <span class='ocrx_word' id='word_1_479' title='bbox 1561 4020 1603 4054; x_wconf 87' lang='grc' dir='ltr'><strong>τον</strong></span> <span class='ocrx_word' id='word_1_480' title='bbox 1622 4003 1682 4055; x_wconf 86' lang='grc' dir='ltr'>θεον</span> <span class='ocrx_word' id='word_1_481' title='bbox 1702 4019 1770 4064; x_wconf 86' lang='grc' dir='ltr'>οπυνς</span> <span class='ocrx_word' id='word_1_482' title='bbox 1788 4020 1837 4055; x_wconf 87' lang='grc' dir='ltr'><strong>απο</strong></span> 
     </span>
     <span class='ocr_line' id='line_1_41' title="bbox 509 4091 1837 4163; baseline 0.002 -20"><span class='ocrx_word' id='word_1_483' title='bbox 509 4109 603 4144; x_wconf 86' lang='grc' dir='ltr'>τουτων</span> <span class='ocrx_word' id='word_1_484' title='bbox 626 4100 680 4145; x_wconf 90' lang='lat' dir='ltr'><strong>etc.</strong></span> <span class='ocrx_word' id='word_1_485' title='bbox 706 4091 865 4163; x_wconf 67' lang='grc' dir='ltr'>επιστρεψητε</span> <span class='ocrx_word' id='word_1_486' title='bbox 884 4110 924 4145; x_wconf 87' lang='grc' dir='ltr'><strong>επι</strong></span> <span class='ocrx_word' id='word_1_487' title='bbox 941 4110 986 4145; x_wconf 93' lang='grc' dir='ltr'><strong>τον</strong></span> <span class='ocrx_word' id='word_1_488' title='bbox 1005 4109 1157 4160; x_wconf 83' lang='grc' dir='ltr'>ποιησαντα.</span> <span class='ocrx_word' id='word_1_489' title='bbox 1176 4095 1209 4146; x_wconf 90' lang='lat' dir='ltr'><strong>in</strong></span> <span class='ocrx_word' id='word_1_490' title='bbox 1226 4108 1254 4146; x_wconf 87' lang='lat' dir='ltr'><strong>v.</strong></span> <span class='ocrx_word' id='word_1_491' title='bbox 1277 4095 1309 4146; x_wconf 92' lang='grc'><strong>16</strong></span> <span class='ocrx_word' id='word_1_492' title='bbox 1327 4094 1389 4159; x_wconf 87' lang='lat' dir='ltr'><strong>pler</strong></span> <span class='ocrx_word' id='word_1_493' title='bbox 1405 4108 1472 4161; x_wconf 89' lang='grc' dir='ltr'>υμιν,</span> <span class='ocrx_word' id='word_1_494' title='bbox 1491 4108 1572 4160; x_wconf 86' lang='grc' dir='ltr'>νμινν.</span> <span class='ocrx_word' id='word_1_495' title='bbox 1594 4093 1626 4144; x_wconf 91' lang='lat' dir='ltr'><strong>In</strong></span> <span class='ocrx_word' id='word_1_496' title='bbox 1643 4108 1671 4145; x_wconf 87' lang='grc' dir='ltr'><strong>ν.</strong></span> <span class='ocrx_word' id='word_1_497' title='bbox 1695 4093 1726 4145; x_wconf 82' lang='lat'><strong>17</strong></span> <span class='ocrx_word' id='word_1_498' title='bbox 1749 4092 1771 4145; x_wconf 91' lang='lat' dir='ltr'>C</span> <span class='ocrx_word' id='word_1_499' title='bbox 1788 4107 1837 4145; x_wconf 84' lang='lat' dir='ltr'><strong>inu</strong></span> 
     </span>
     <span class='ocr_line' id='line_1_42' title="bbox 508 4178 1836 4252; baseline 0 -18"><span class='ocrx_word' id='word_1_500' title='bbox 508 4185 617 4234; x_wconf 75' lang='lat' dir='ltr'><strong>unintuc</strong></span> <span class='ocrx_word' id='word_1_501' title='bbox 631 4190 676 4235; x_wconf 89' lang='lat' dir='ltr'><strong>cat</strong></span> <span class='ocrx_word' id='word_1_502' title='bbox 690 4185 728 4249; x_wconf 86' lang='lat' dir='ltr'><strong>pb</strong></span> <span class='ocrx_word' id='word_1_503' title='bbox 745 4183 812 4250; x_wconf 81' lang='lat' dir='ltr'><strong>(mg)</strong></span> <span class='ocrx_word' id='word_1_504' title='bbox 829 4196 889 4235; x_wconf 87' lang='lat' dir='ltr'><strong>arm</strong></span> <span class='ocrx_word' id='word_1_505' title='bbox 907 4182 964 4235; x_wconf 85' lang='lat' dir='ltr'><strong>add</strong></span> <span class='ocrx_word' id='word_1_506' title='bbox 981 4178 1050 4233; x_wconf 88' lang='grc' dir='ltr'>αλλα</span> <span class='ocrx_word' id='word_1_507' title='bbox 1062 4180 1208 4252; x_wconf 74' lang='grc' dir='ltr'>πορεύεσθαι</span> <span class='ocrx_word' id='word_1_508' title='bbox 1223 4198 1327 4235; x_wconf 86' lang='grc' dir='ltr'>ακοιστον</span> <span class='ocrx_word' id='word_1_509' title='bbox 1347 4199 1381 4243; x_wconf 85' lang='grc' dir='ltr'><strong>ιις</strong></span> <span class='ocrx_word' id='word_1_510' title='bbox 1395 4199 1427 4233; x_wconf 88' lang='grc' dir='ltr'><strong>τα</strong></span> <span class='ocrx_word' id='word_1_511' title='bbox 1441 4180 1500 4234; x_wconf 88' lang='grc' dir='ltr'>ιδια.</span> <span class='ocrx_word' id='word_1_512' title='bbox 1518 4183 1550 4233; x_wconf 91' lang='lat' dir='ltr'><strong>in</strong></span> <span class='ocrx_word' id='word_1_513' title='bbox 1561 4195 1590 4233; x_wconf 85' lang='grc' dir='ltr'><strong>ν.</strong></span> <span class='ocrx_word' id='word_1_514' title='bbox 1610 4182 1641 4233; x_wconf 88' lang='grc'><strong>18</strong></span> <span class='ocrx_word' id='word_1_515' title='bbox 1657 4182 1739 4236; x_wconf 81' lang='lat' dir='ltr'><strong>GDE</strong></span> <span class='ocrx_word' id='word_1_516' title='bbox 1754 4182 1773 4233; x_wconf 90' lang='lat' dir='ltr'><strong>ii</strong></span> <span class='ocrx_word' id='word_1_517' title='bbox 1787 4195 1836 4234; x_wconf 90' lang='lat' dir='ltr'><strong>mu</strong></span> 
     </span>
     <span class='ocr_line' id='line_1_43' title="bbox 511 4265 1838 4343; baseline 0 -22"><span class='ocrx_word' id='word_1_518' title='bbox 511 4274 620 4325; x_wconf 84' lang='lat' dir='ltr'><strong>nrinusc</strong></span> <span class='ocrx_word' id='word_1_519' title='bbox 634 4273 673 4337; x_wconf 87' lang='lat' dir='ltr'><strong>pb</strong></span> <span class='ocrx_word' id='word_1_520' title='bbox 688 4273 753 4340; x_wconf 76' lang='lat' dir='ltr'><strong>(mg)</strong></span> <span class='ocrx_word' id='word_1_521' title='bbox 769 4286 830 4323; x_wconf 79' lang='lat' dir='ltr'><strong>arni</strong></span> <span class='ocrx_word' id='word_1_522' title='bbox 843 4267 1022 4340; x_wconf 82' lang='grc' dir='ltr'>διατριόοντιυν</span> <span class='ocrx_word' id='word_1_523' title='bbox 1035 4265 1066 4323; x_wconf 72' lang='lat' dir='ltr'><strong>a</strong></span> <span class='ocrx_word' id='word_1_524' title='bbox 1079 4286 1162 4322; x_wconf 90' lang='grc' dir='ltr'>αυτων</span> <span class='ocrx_word' id='word_1_525' title='bbox 1176 4287 1218 4343; x_wconf 78' lang='grc' dir='ltr'><strong>και</strong></span> <span class='ocrx_word' id='word_1_526' title='bbox 1232 4269 1401 4323; x_wconf 84' lang='grc' dir='ltr'>διδασκοντων</span> <span class='ocrx_word' id='word_1_527' title='bbox 1416 4267 1534 4336; x_wconf 85' lang='grc' dir='ltr'>επηλθον,</span> <span class='ocrx_word' id='word_1_528' title='bbox 1549 4272 1604 4322; x_wconf 88' lang='lat' dir='ltr'><strong>sim</strong></span> <span class='ocrx_word' id='word_1_529' title='bbox 1624 4271 1683 4323; x_wconf 88' lang='lat' dir='ltr'><strong>Bed</strong></span> <span class='ocrx_word' id='word_1_530' title='bbox 1698 4283 1733 4323; x_wconf 82' lang='lat' dir='ltr'><strong>ex</strong></span> <span class='ocrx_word' id='word_1_531' title='bbox 1747 4284 1792 4336; x_wconf 67' lang='lat' dir='ltr'><strong>gr,</strong></span> <span class='ocrx_word' id='word_1_532' title='bbox 1807 4274 1838 4322; x_wconf 88' lang='lat' dir='ltr'><strong>et</strong></span> 
     </span>
     <span class='ocr_line' id='line_1_44' title="bbox 509 4358 1837 4429; baseline -0.004 -16"><span class='ocrx_word' id='word_1_533' title='bbox 509 4360 641 4423; x_wconf 85' lang='lat' dir='ltr'><strong>Cassiod;</strong></span> <span class='ocrx_word' id='word_1_534' title='bbox 658 4362 681 4412; x_wconf 87' lang='lat' dir='ltr'>D</span> <span class='ocrx_word' id='word_1_535' title='bbox 696 4363 736 4425; x_wconf 88' lang='lat' dir='ltr'><strong>pb</strong></span> <span class='ocrx_word' id='word_1_536' title='bbox 750 4361 817 4429; x_wconf 71' lang='lat' dir='ltr'><strong>(ingl</strong></span> <span class='ocrx_word' id='word_1_537' title='bbox 833 4361 853 4412; x_wconf 91' lang='lat' dir='ltr'><strong>ii</strong></span> <span class='ocrx_word' id='word_1_538' title='bbox 871 4376 943 4420; x_wconf 82' lang='grc' dir='ltr'><strong>τινεςΙ</strong></span> <span class='ocrx_word' id='word_1_539' title='bbox 953 4359 1058 4412; x_wconf 90' lang='grc' dir='ltr'>ιουδαιοι</span> <span class='ocrx_word' id='word_1_540' title='bbox 1075 4376 1125 4412; x_wconf 89' lang='grc' dir='ltr'><strong>απο</strong></span> <span class='ocrx_word' id='word_1_541' title='bbox 1144 4377 1178 4415; x_wconf 88' lang='grc' dir='ltr'><strong>ικ.</strong></span> <span class='ocrx_word' id='word_1_542' title='bbox 1193 4378 1219 4411; x_wconf 90' lang='grc' dir='ltr'><strong>κ.</strong></span> <span class='ocrx_word' id='word_1_543' title='bbox 1235 4375 1288 4412; x_wconf 86' lang='grc' dir='ltr'>αντ.</span> <span class='ocrx_word' id='word_1_544' title='bbox 1304 4360 1327 4414; x_wconf 83' lang='grc' dir='ltr'>Ο</span> <span class='ocrx_word' id='word_1_545' title='bbox 1343 4362 1401 4426; x_wconf 86' lang='lat' dir='ltr'><strong>aliq</strong></span> <span class='ocrx_word' id='word_1_546' title='bbox 1416 4359 1559 4412; x_wconf 87' lang='lat' dir='ltr'><strong>minuscil</strong></span> <span class='ocrx_word' id='word_1_547' title='bbox 1577 4361 1617 4425; x_wconf 87' lang='lat' dir='ltr'><strong>pb</strong></span> <span class='ocrx_word' id='word_1_548' title='bbox 1634 4358 1699 4427; x_wconf 73' lang='lat' dir='ltr'><strong>(mg)</strong></span> <span class='ocrx_word' id='word_1_549' title='bbox 1716 4371 1777 4409; x_wconf 87' lang='lat' dir='ltr'><strong>arm</strong></span> <span class='ocrx_word' id='word_1_550' title='bbox 1794 4375 1837 4409; x_wconf 87' lang='grc' dir='ltr'><strong>και</strong></span> 
     </span>
     <span class='ocr_line' id='line_1_45' title="bbox 508 4443 1836 4521; baseline 0 -23"><span class='ocrx_word' id='word_1_551' title='bbox 508 4446 692 4518; x_wconf 82' lang='grc' dir='ltr'>διαλεγομενυνν</span> <span class='ocrx_word' id='word_1_552' title='bbox 716 4466 796 4502; x_wconf 86' lang='grc' dir='ltr'>αυτων</span> <span class='ocrx_word' id='word_1_553' title='bbox 818 4466 942 4519; x_wconf 82' lang='grc' dir='ltr'>παρρησια</span> <span class='ocrx_word' id='word_1_554' title='bbox 965 4466 1063 4503; x_wconf 72' lang='lat' dir='ltr'><strong>saetosi</strong></span> <span class='ocrx_word' id='word_1_555' title='bbox 1084 4466 1140 4510; x_wconf 89' lang='grc' dir='ltr'>τους</span> <span class='ocrx_word' id='word_1_556' title='bbox 1159 4446 1252 4521; x_wconf 77' lang='grc' dir='ltr'>οχλονς</span> <span class='ocrx_word' id='word_1_557' title='bbox 1272 4464 1463 4514; x_wconf 70' lang='lat' dir='ltr'><strong>encaeniatur.</strong></span> <span class='ocrx_word' id='word_1_558' title='bbox 1485 4450 1566 4498; x_wconf 84' lang='grc' dir='ltr'>αυτων</span> <span class='ocrx_word' id='word_1_559' title='bbox 1588 4463 1628 4497; x_wconf 92' lang='grc' dir='ltr'><strong>οτι</strong></span> <span class='ocrx_word' id='word_1_560' title='bbox 1648 4445 1721 4499; x_wconf 73' lang='lat' dir='ltr'><strong>codsa</strong></span> <span class='ocrx_word' id='word_1_561' title='bbox 1743 4443 1836 4512; x_wconf 81' lang='grc' dir='ltr'>αληθες</span> 
     </span>
     <span class='ocr_line' id='line_1_46' title="bbox 509 4533 1837 4609; baseline 0.002 -23"><span class='ocrx_word' id='word_1_562' title='bbox 509 4533 626 4604; x_wconf 80' lang='grc' dir='ltr'>λεγουσιν</span> <span class='ocrx_word' id='word_1_563' title='bbox 641 4534 709 4588; x_wconf 88' lang='grc' dir='ltr'>αλλα</span> <span class='ocrx_word' id='word_1_564' title='bbox 722 4556 804 4590; x_wconf 89' lang='grc' dir='ltr'>παντα</span> <span class='ocrx_word' id='word_1_565' title='bbox 819 4537 960 4609; x_wconf 64' lang='grc' dir='ltr'><strong>Ιρευδονται.</strong></span> <span class='ocrx_word' id='word_1_566' title='bbox 975 4540 1008 4592; x_wconf 93' lang='lat' dir='ltr'><strong>In</strong></span> <span class='ocrx_word' id='word_1_567' title='bbox 1021 4554 1049 4592; x_wconf 87' lang='lat' dir='ltr'><strong>v.</strong></span> <span class='ocrx_word' id='word_1_568' title='bbox 1072 4540 1103 4592; x_wconf 86' lang='grc'><strong>19</strong></span> <span class='ocrx_word' id='word_1_569' title='bbox 1120 4539 1140 4592; x_wconf 88' lang='lat' dir='ltr'><strong>ii</strong></span> <span class='ocrx_word' id='word_1_570' title='bbox 1155 4544 1215 4592; x_wconf 87' lang='lat' dir='ltr'><strong>tum</strong></span> <span class='ocrx_word' id='word_1_571' title='bbox 1232 4538 1473 4591; x_wconf 87' lang='lat' dir='ltr'><strong>circumdederunt</strong></span> <span class='ocrx_word' id='word_1_572' title='bbox 1488 4550 1554 4588; x_wconf 88' lang='lat' dir='ltr'><strong>eum</strong></span> <span class='ocrx_word' id='word_1_573' title='bbox 1571 4536 1712 4589; x_wconf 84' lang='lat' dir='ltr'><strong>discentes</strong></span> <span class='ocrx_word' id='word_1_574' title='bbox 1728 4542 1756 4589; x_wconf 89' lang='lat' dir='ltr'><strong>et</strong></span> <span class='ocrx_word' id='word_1_575' title='bbox 1772 4550 1837 4589; x_wconf 90' lang='lat' dir='ltr'><strong>cum</strong></span> 
     </span>
     <span class='ocr_line' id='line_1_47' title="bbox 512 4627 1113 4695; baseline 0.005 -18"><span class='ocrx_word' id='word_1_576' title='bbox 512 4627 689 4681; x_wconf 86' lang='lat' dir='ltr'><strong>discessisset</strong></span> <span class='ocrx_word' id='word_1_577' title='bbox 702 4631 826 4694; x_wconf 86' lang='lat' dir='ltr'><strong>populus</strong></span> <span class='ocrx_word' id='word_1_578' title='bbox 839 4642 968 4695; x_wconf 82' lang='lat' dir='ltr'><strong>vespere,</strong></span> <span class='ocrx_word' id='word_1_579' title='bbox 983 4630 1037 4680; x_wconf 86' lang='lat' dir='ltr'><strong>sim</strong></span> <span class='ocrx_word' id='word_1_580' title='bbox 1050 4629 1113 4681; x_wconf 85' lang='lat' dir='ltr'><strong>aab.</strong></span> 
     </span>
    </p>
   </div>
   <div class='ocr_carea' id='block_1_6' title="bbox 552 4781 1837 4878">
    <p class='ocr_par' dir='ltr' id='par_1_8' title="bbox 552 4781 1837 4878">
     <span class='ocr_line' id='line_1_48' title="bbox 552 4781 1837 4878; baseline -0.002 -25"><span class='ocrx_word' id='word_1_581' title='bbox 552 4789 661 4853; x_wconf 91' lang='lat' dir='ltr'><strong>Unum</strong></span> <span class='ocrx_word' id='word_1_582' title='bbox 676 4785 748 4854; x_wconf 85' lang='lat' dir='ltr'><strong>iam</strong></span> <span class='ocrx_word' id='word_1_583' title='bbox 763 4787 960 4878; x_wconf 83' lang='lat' dir='ltr'><strong>exemplum</strong></span> <span class='ocrx_word' id='word_1_584' title='bbox 978 4787 1158 4875; x_wconf 79' lang='lat' dir='ltr'><strong>signorum</strong></span> <span class='ocrx_word' id='word_1_585' title='bbox 1177 4785 1224 4877; x_wconf 80' lang='grc' dir='ltr'><strong>(ν.</strong></span> <span class='ocrx_word' id='word_1_586' title='bbox 1241 4785 1275 4876; x_wconf 85' lang='grc' dir='ltr'>θ)</span> <span class='ocrx_word' id='word_1_587' title='bbox 1291 4783 1391 4852; x_wconf 88' lang='lat' dir='ltr'><strong>nobis</strong></span> <span class='ocrx_word' id='word_1_588' title='bbox 1402 4782 1561 4853; x_wconf 82' lang='lat' dir='ltr'><strong>scientur.</strong></span> <span class='ocrx_word' id='word_1_589' title='bbox 1578 4781 1736 4851; x_wconf 87' lang='lat' dir='ltr'><strong>Narratio</strong></span> <span class='ocrx_word' id='word_1_590' title='bbox 1750 4781 1837 4851; x_wconf 87' lang='lat' dir='ltr'><strong>haec</strong></span> 
     </span>
    </p>
   </div>
   <div class='ocr_carea' id='block_1_7' title="bbox 0 0 2050 5490">
    <p class='ocr_par' dir='ltr' id='par_1_9' title="bbox 0 0 2050 5490">
     <span class='ocr_line' id='line_1_49' title="bbox 0 0 2050 5490; baseline 0 0"><span class='ocrx_word' id='word_1_591' title='bbox 0 0 2050 5490; x_wconf 95' lang='lat' dir='ltr'><strong> </strong></span> 
     </span>
    </p>
   </div>
  </div>
 </body>
</html>
