4092 5490
249 325 310 383 aaa
785 282 1036 401 scalceo-as.

249 471 317 539 Sed
333 472 489 563 quaestio
501 473 538 541 in
552 473 737 542 Ierusalem
750 476 881 563 agitata
895 474 1045 543 habetur
1062 495 1096 539 v.
1113 480 1150 551 53
1168 469 1244 538 etsi
1263 468 1340 559 quis
1354 468 1440 556 legit
1457 492 1464 539 :
1482 473 1572 540 nihil

247 578 342 646 ultra
363 579 460 648 vobis
482 581 661 671 imponere
683 586 747 648 etc.
770 580 876 648 habet
893 580 1024 647 clarum
1040 579 1086 646 ad
1102 576 1337 668 quaestionem
1356 596 1569 665 responsum.

245 723 292 736 -·
313 690 454 755 Decreta
468 687 535 755 hoc
547 686 658 754 solum
678 684 874 752 declaratur
890 683 1052 772 pentibus
1070 705 1141 750 icoo
1155 683 1291 773 imponi
1299 681 1571 751 observationem

245 792 332 880 legis
352 791 535 861 mosaicae.
560 795 606 858 De
632 788 967 856 Iudaeo-christianis
987 788 1077 854 nihil
1094 787 1305 855 decernitur.
1323 789 1418 857 Unde
1433 787 1573 856 ludaeo-

245 897 426 966 christiani
443 900 605 985 poterant
624 914 770 983 pergere
789 896 826 961 in
848 894 966 960 stricta
979 890 1233 973 observatione,
1250 913 1321 981 qua
1335 894 1412 962 fieri
1423 900 1570 985 poterat,

246 1008 285 1069 ut
314 1023 336 1068 a
366 1002 486 1069 mensa
503 998 933 1086 ,ethnico-christianorum
961 1006 1134 1067 eteorum
1157 997 1321 1066 conviviis
1342 997 1569 1091 abstinerent3

247 1105 344 1174 cuius
360 1105 411 1171 rei
435 1105 627 1194 exemplum
648 1104 755 1172 habes
774 1105 846 1174 Gal.
868 1110 968 1189 242.
980 1104 1111 1173 Pariter
1123 1103 1337 1172 iudaizantes
1356 1101 1493 1173 decreto
1510 1104 1572 1171 illo

247 1231 318 1278 non
340 1210 633 1300 impediebantur,
656 1210 841 1301 quominus
861 1212 1067 1302 persuadere
1090 1212 1284 1278 niterentur
1306 1208 1512 1298 gentilibuS,
1535 1215 1573 1277 ut

247 1321 361 1384 essent
375 1317 525 1407 perfecti
541 1316 738 1401 christiani,
756 1318 879 1385 codem
897 1315 1005 1408 plane
1025 1339 1127 1384 cerasa
1146 1329 1177 1383 et
1196 1315 1316 1385 ordine
1335 1338 1412 1385 eum
1427 1315 1571 1385 ludaeo·
1601 1400 1605 1405 Δ

248 1422 455 1507 christianis,
477 1422 610 1513 requiri
628 1421 910 1490 observationem·
921 1421 1018 1510 legis.
1038 1421 1075 1489 ld
1090 1421 1182 1511 quod
1196 1422 1289 1512 apud
1302 1422 1437 1491 Galatas
1449 1423 1572 1492 revera

221 1526 223 1531 ’
247 1528 440 1596 tentabant.
461 1532 570 1595 -De
589 1526 829 1595 observatione
848 1527 975 1595 decreti
995 1526 1099 1594 etiam
1119 1532 1272 1618 tempore
1287 1528 1477 1617 posteriore
1492 1528 1571 1596 uide

246 1656 337 1723 quae
360 1633 509 1717 aderunt
531 1632 665 1700 Saliene
678 1633 704 1700 l.
726 1654 756 1700 c.
771 1656 808 1723 p.
827 1639 892 1701 172
908 1655 997 1723 seq,
1016 1632 1176 1722 Cornely,
1197 1632 1323 1701 lntrod.
1346 1634 1426 1701 llll.
1442 1655 1473 1700 c.
1491 1638 1572 1700 Pars
1636 1656 1639 1661 Α

246 1737 446 1826 dogmatica
467 1737 847 1826 observationemsslegis
864 1738 1034 1807 mosaicae
1051 1761 1123 1806 non
1141 1760 1211 1807 esse
1231 1739 1276 1807 ad
1293 1739 1438 1807 salutem
1453 1760 1571 1806 neces·

244 1842 372 1911 sariam
391 1865 504 1934 neque
521 1864 598 1912 eam
614 1866 636 1912 a
651 1844 814 1932 gentibus
825 1845 917 1933 artigi
931 1866 1042 1936 posse,
1059 1847 1179 1935 utiquc
1193 1866 1329 1940 semper
1342 1844 1451 1913 valuit
1462 1849 1496 1912 et
1510 1866 1570 1911 va-

245 1950 304 2017 let.
330 1953 414 2018 Pars
440 1949 656 2041 disciplinam
683 1955 840 2040 spectans
865 1951 908 2019 de
935 1951 1048 2019 tribus
1065 1951 1144 2019 ¹illis
1175 1950 1350 2040 prioribus
1378 1950 1572 2041 pertinebat

247 2055 389 2146 proprie
411 2055 455 2125 ad
478 2078 535 2125 eos
560 2055 607 2124 ad
627 2078 714 2146 quos
734 2055 911 2125 decretum
929 2053 1238 2147 ipsainscriptione
1253 2056 1432 2145 dirigitur;
1450 2056 1571 2125 debuit

246 2160 425 2229 observari
447 2161 615 2252 quamdiu
638 2161 851 2231 conditiones
870 2168 970 2231 erant
987 2164 1146 2246 eaedem;
1166 2163 1323 2232 cessabat
1340 2185 1421 2232 vero
1440 2185 1481 2231 eo
1494 2163 1569 2254 ipso

248 2269 413 2358 temporis
437 2267 581 2335 decursu
607 2269 794 2336 mutatione
815 2268 1070 2352 conditionum,
1096 2292 1128 2336 v.
1152 2291 1188 2358 g.
1215 2268 1356 2361 quando
1376 2269 1448 2338 iam
1471 2268 1570 2337 nulla

246 2371 335 2439 ratio
348 2377 422 2440 crat
435 2372 598 2441 habenda
610 2372 829 2442 ludaeorum.
845 2375 1066 2443 Postmodum
1080 2397 1188 2442 unum
1204 2398 1235 2443 v.
1251 2397 1287 2462 g.
1304 2372 1348 2442 de
1362 2375 1568 2442 comestione

246 2477 425 2565 sanguinis
444 2478 694 2566 iniungebatur
713 2479 840 2547 iterum
863 2481 967 2548 variis
983 2479 1138 2548 conciliis
1159 2478 1425 2569 particularibus
1443 2478 1488 2547 ob
1500 2502 1569 2548 ›va-

247 2581 316 2649 rias
343 2584 512 2666 rationes3
536 2582 667 2674 pariter
688 2584 881 2652 consultum
902 2590 976 2652 erat
1001 2583 1187 2675 neophytis
1210 2583 1404 2673 idolothyta
1423 2583 1568 2651 interdi-

244 2709 335 2755 cere.
362 2691 519 2757 Ceterum
543 2688 620 2757 vide
639 2682 813 2778 quomodo
826 2690 865 2758 in
878 2690 947 2758 alia
957 2690 1100 2759 ecclesia
1113 2690 1237 2759 Paulus
1250 2689 1294 2759 de
1310 2713 1352 2759 ea
1366 2691 1567 2782 quaestione

245 2798 371 2861 statuat
386 2797 417 2883 (1
435 2797 512 2861 Cor.
531 2794 658 2884 mas).
1390 2883 1395 2892 q

290 2903 328 2966 ln
352 2899 462 2967 altera
486 2899 635 2967 lectione
659 2899 798 2968 effertur
819 2900 897 2969 illos
918 2901 1072 2971 celeriter
1096 2903 1311 2972 Antiochiam
1340 2901 1563 2984 descendisse,

243 3026 323 3073 sane
345 3027 430 3095 prae
452 3005 582 3093 gaudio
605 3011 639 3074 et
656 3004 845 3091 desiderio,
868 3013 907 3074 ut
929 3007 1094 3076 iratribus
1112 3030 1198 3100 quos
1218 3007 1432 3076 iudaizantes
1449 3007 1567 3075 turba·
1656 3037 1661 3046 ·

243 3118 364 3178 verant
385 3117 419 3179 et
440 3111 501 3202 qui
521 3132 593 3178 non
611 3111 686 3178 sine
705 3110 825 3201 aliqua
846 3113 934 3180 iorte
953 3113 1123 3182 anxietate
1143 3113 1320 3182 decretum
1335 3113 1566 3204 apostolorum

242 3239 284 3284 ex
298 3217 482 3285 Ierusalem
500 3214 812 3306 praestolabantur,
833 3217 1099 3286 consolationem
1114 3240 1303 3309 pacemque
1318 3217 1565 3309 optatissimam

240 3323 449 3413 perferrent;
485 3345 518 3389 v.
544 3328 588 3389 30
614 3320 670 3389 illi
694 3343 775 3412 erqo
804 3320 940 3391 dimissi
962 3333 993 3393 ἐν
1017 3335 1145 3412 ἡμέραις
1169 3333 1284 3413 ὀλίγαις
1317 3323 1565 3393 descenderunt

241 3427 462 3496 Aratiocbiam
485 3441 519 3495 et
544 3439 756 3518 conpreqete
774 3427 995 3497 mullitudine
1013 3429 1231 3498 tradiderunt
1251 3430 1451 3521 epistolam;
1466 3453 1499 3499 v.
1522 3439 1561 3500 31

242 3555 450 3625 quamtum
474 3533 651 3624 iecissent,
675 3533 788 3624 quodi
807 3547 886 3602 aaut
906 3557 1008 3626 super
1029 3536 1284 3623 consolationc;
1310 3559 1445 3606 summa
1472 3537 1563 3605 enim

242 3640 409 3731 epistolae
427 3644 478 3708 est
496 3660 556 3707 eos
571 3640 699 3708 liberos
717 3661 789 3708 esse
806 3640 918 3728 alege
937 3642 1088 3711 mosaica
1104 3649 1138 3710 et
1153 3644 1211 3734 qui
1224 3647 1345 3711 contra
1358 3642 1561 3729 docuissent,

173 3754 175 3761 ’
242 3746 340 3813 nulla
358 3745 493 3814 ratione
510 3744 554 3812 ab
570 3743 735 3834 apostolis
756 3765 827 3812 esse
846 3746 982 3828 missos,
999 3747 1060 3815 sed
1085 3769 1156 3815 esse
1175 3748 1444 3838 perturbatores.
1466 3749 1564 3818 ludas

241 3859 276 3918 ct
294 3852 382 3921 Silas
396 3852 501 3919 etiam
515 3856 625 3939 agunt
635 3848 729 3941 quod
741 3849 824 3940 ipsis
837 3850 876 3918 in
889 3851 1034 3941 epistola
1050 3876 1084 3919 v.
1101 3859 1142 3919 27
1158 3860 1232 3920 erat
1244 3855 1454 3937 iniunctum3
1469 3878 1503 3922 v.
1520 3862 1563 3924 33

241 3955 347 4025 laidas
371 3968 487 4024 autem
518 3968 551 4024 et
576 3956 670 4026 Silas
693 3955 812 4047 ct't'psi
833 3979 909 4024 cum
931 3969 1041 4026 essent
1056 3957 1245 4050 prophetae
1265 3961 1326 4051 (cl.
1350 3962 1440 4050 13,1)
1464 3963 1562 4028 cerlo

238 4061 392 4154 plaisiaco
413 4061 583 4130 consolati
597 4074 679 4130 sunt
691 4063 823 4151 fratres
840 4076 874 4131 et
888 4064 1195 4155 confirmaverunt;
1212 4088 1274 4134 suo
1288 4066 1445 4157 exemplo
1461 4088 1562 4156 prae-

241 4175 362 4238 euntes
374 4167 639 4251 iudaizantibus,
657 4176 695 4236 ut
709 4167 819 4237 amice
837 4191 877 4237 ac
889 4170 1107 4239 familiariter
1124 4177 1271 4260 agerent
1285 4194 1364 4240 cum
1377 4171 1442 4255 eis;
1464 4194 1495 4240 v.
1518 4178 1560 4241 33

240 4278 338 4365 sacto
353 4287 470 4342 eutem
486 4272 535 4341 ibi
548 4273 732 4365 aliquanto
749 4287 898 4367 tempore
914 4274 1048 4344 dimissi
1060 4291 1140 4346 suut
1154 4300 1233 4346 eccm
1241 4300 1330 4369 pace
1346 4299 1368 4344 e
1377 4276 1559 4367 fraleitais,

241 4379 328 4448 vade
352 4380 391 4446 in
409 4401 504 4470 pace,
520 4366 568 4446 ite
583 4378 620 4445 in
629 4399 715 4469 pace
730 4376 859 4470 (16,21.
881 4385 960 4449 Luc.
982 4381 1074 4473 7‚50)
1096 4382 1247 4450 formula
1260 4388 1310 4451 est
1328 4380 1480 4451 hebraea
1492 4405 1561 4475 qua

241 4485 453 4554 discedentes
476 4485 591 4553 valere
611 4483 775 4554 iubentur
800 4485 900 4577 (Bl.);
926 4509 1010 4576 ergo
1028 4510 1049 4556 a
1071 4496 1170 4557 coctu
1193 4489 1349 4557 fidelium
1371 4487 1474 4558 datur
1491 4490 1561 4557 illis

240 4598 390 4683 potestas
409 4590 579 4659 redeundi
601 4589 650 4659 ed
668 4613 725 4659 eos
746 4592 810 4684 qui
833 4591 997 4662 muman!
1018 4594 1113 4677 illos,
1136 4600 1170 4662 et
1188 4616 1229 4662 eo
1247 4593 1367 4664 fideles
1381 4596 1483 4664 simul
1499 4596 1560 4665 de·

240 4699 374 4768 clarant
387 4698 467 4767 illos
480 4719 606 4767 munus
624 4697 669 4766 ab
684 4699 847 4789 apostolis
860 4698 1052 4771 iniunctum
1067 4701 1262 4791 explevisse.
