4092 5490
227 350 297 408 ‘ulti
778 365 846 411 aur.
870 348 1008 423 lta-10.

233 497 277 565 dc
294 494 416 564 claudo
434 501 552 566 sanato
566 498 671 567 habet
685 498 836 588 aliquam
855 494 1117 564 similitudinem
1138 515 1220 560 cum
1241 492 1398 575 fl1a3,2;
1414 501 1561 588 uterque

228 602 373 671 claudus
386 627 426 672 ex
441 611 536 674 utero
554 604 672 673 matris
686 602 822 679 dicitur,
836 601 875 668 in
895 607 1080 689 utrumque
1097 601 1235 680 ἀτενίσας
1251 598 1445 690 apostolus3
1464 607 1560 668 uter·
1660 658 1665 665 .

233 732 299 801 que
311 716 451 780 sanatus
472 710 619 779 exsilivit
631 715 665 776 et
681 704 893 774 ambulabat.
915 709 1040 772 Verum
1055 705 1142 774 haec
1156 710 1228 773 tam
1248 706 1352 774 obvia
1373 710 1455 774 sunt
1470 710 1561 773 tam-

232 840 300 909 que
314 818 385 886 fere
409 815 611 896 necessaria,
631 820 667 879 ut
694 813 730 878 in
755 833 962 904 unaquaque
986 812 1165 881 sanatione
1184 812 1302 880 claudi
1324 814 1559 904 reperiantur.

96 958 101 964 ·
231 924 376 1015 Reliqua
390 929 504 991 autem
520 918 636 986 omnia
648 918 684 986 in
696 924 842 1010 utraque
855 919 1056 988 narratione
1069 918 1174 1009 plane
1188 924 1268 986 sunt
1281 919 1365 986 alia.
1386 920 1483 988 Unde
1497 940 1560 1010 pa-

162 1104 167 1112 ,
229 1036 279 1099 tet
293 1026 560 1116 frustraaliquos
575 1023 780 1093 contendere
792 1025 911 1117 (Beer,
923 1023 1044 1109 Zeller,
1063 1023 1202 1113 Ouerb.)
1215 1021 1308 1091 hane
1321 1025 1560 1094 narrationem

5 1134 43 1223 ζ
98 1162 101 1167 ·
230 1134 421 1204 secundum
436 1132 534 1200 illam
547 1131 699 1224 priorem
713 1152 784 1199 esse
803 1130 999 1212 confictam,
1015 1134 1055 1197 ut
1066 1129 1173 1198 Paulo
1188 1151 1329 1221 quoque
1343 1128 1437 1197 idem
1452 1132 1560 1199 mire·
1649 1184 1655 1190 .

232 1239 349 1308 culum
372 1238 502 1326 gloriae
528 1244 690 1320 vertatur,
718 1236 811 1330 quod
831 1235 870 1303 in
891 1235 981 1304 Petri
1001 1235 1144 1304 laudem
1169 1241 1353 1305 narratum
1374 1237 1430 1305 sit.
1453 1240 1559 1304 Porro

231 1345 371 1413 adverte
382 1344 499 1436 ipsum
517 1345 661 1414 Paulum
679 1332 833 1434 profiteri
854 1342 954 1431 signa
972 1348 1007 1410 et
1030 1341 1195 1434 prodigia
1209 1365 1291 1412 suae
1304 1341 1560 1434 praedicationi

230 1451 378 1521 adfuisse
402 1450 511 1542 (Rom.
536 1456 648 1533 15‚1u.
671 1452 785 1516 teor.
811 1449 938 1535 1212).
962 1448 1049 1525 Quid
1062 1447 1174 1535 igitur
1192 1449 1430 1517 cavillandum
1446 1454 1513 1531 est,
1530 1449 1559 1518 si

232 1561 337 1628 Lucas
351 1579 459 1626 unum
472 1555 660 1623 alterumve
678 1575 718 1622 ex
739 1552 857 1621 multis
880 1554 1024 1622 narrat?
1042 1577 1076 1622 v.
1098 1561 1119 1622 7
1135 1552 1332 1646 etquidem
1353 1554 1408 1622 vir
1425 1555 1559 1645 Lysiris

49 1725 50 1728 ,
133 1750 135 1755 ,
229 1664 389 1754 infirmus
400 1660 543 1752 pedibus
560 1659 711 1747 sedetet,
741 1659 787 1728 ad
805 1659 1092 1746 mendicandum,
1109 1665 1237 1752 putant
1260 1660 1388 1752 aliqui;
1410 1683 1451 1729 ex
1473 1683 1557 1729 nar·-

230 1768 365 1837 ratione
378 1766 416 1835 id
429 1789 500 1835 non
512 1766 682 1858 sequitur3
701 1765 816 1856 potius
830 1788 871 1834 ex
884 1778 991 1850 ἤκουεν
1004 1789 1038 1835 v.
1052 1773 1074 1835 8
1088 1765 1248 1836 innuitur
1262 1787 1343 1834 eum
1359 1772 1559 1835 constanter

230 1873 355 1943 sedisse
369 1872 567 1942 audientem
590 1893 763 1940 sermones
787 1872 902 1955 Pauli;
922 1871 1066 1963 iusuper
1089 1872 1140 1963 (in
1164 1877 1202 1956 D,
1219 1872 1258 1963 fl)
1275 1871 1483 1962 designatur
1505 1872 1558 1939 vir
1584 1921 1588 1925 ,

229 1980 354 2069 timens
366 1984 488 2061 Deum,
504 1977 650 2047 claudus
663 2000 706 2046 ee·
723 1990 818 2045 utero
835 1976 955 2045 matris
974 1998 1057 2046 suec
1078 1964 1143 2069 qui
1151 2000 1336 2069 nunquam
1358 1977 1558 2046 ambulave-

230 2098 306 2173 ret;
327 2086 508 2154 infirmitas
527 2106 605 2153 cum
620 2083 742 2173 epitasi
755 2083 906 2167 ellertur,
922 2083 1182 2174 quosubitanea
1194 2084 1330 2153 sanatio
1344 2084 1558 2175 praeclarius

230 2191 418 2274 indicatum
432 2214 465 2261 v.
481 2189 572 2259 atie
587 2187 721 2259 audivit
735 2190 842 2275 ἤκουεν
857 2188 1036 2273 audiebat,
1055 2190 1158 2280 proin
1175 2190 1390 2281 frequenter,
1411 2190 1553 2273 diutius,

230 2285 389 2366 Paulum.
403 2287 613 2387 loquentem,
635 2302 669 2365 et
682 2296 826 2364 credidit
846 2294 954 2386 (gig);
975 2296 1039 2388 qui
1048 2296 1190 2366 intuens
1205 2318 1285 2366 eum
1299 2300 1436 2381 ἀτενίσας
1457 2295 1556 2364 etui-

230 2402 314 2473 dens
329 2404 413 2495 quia
430 2401 536 2494 fidem
553 2402 705 2489 haberet,
727 2412 765 2470 ut
785 2402 897 2471 sulcus
912 2402 1029 2493 fieret,
1052 2402 1191 2473 attende
1212 2403 1415 2472 discrimina
1433 2424 1456 2470 a
1473 2423 1559 2470 nara

229 2512 365 2580 ratione
391 2516 448 2593 3,2
474 2533 482 2579 ι
508 2509 566 2576 hic
588 2507 748 2577 audiebat
768 2506 1063 2598 praedicationem
1083 2507 1275 2598 evangelii,
1299 2507 1370 2577 fide
1388 2514 1557 2599 concepta
1696 2540 1700 2549 ·

228 2623 389 2695 sanatum
408 2616 501 2706 apud
511 2614 612 2682 illum
629 2613 725 2682 nulla
742 2613 970 2705 praedicatio,
987 2614 1211 2703 recogitatio
1225 2614 1372 2706 quidem
1394 2615 1438 2683 de
1452 2634 1556 2683 sana·
1575 2703 1587 2710 ⁸

82 2748 96 2774 ⁸
228 2721 340 2792 done!
356 2745 390 2791 v.
408 2728 427 2788 9
443 2720 532 2789 dicit
544 2743 673 2811 meque
686 2742 776 2806 uoce,
799 2726 837 2789 ut
850 2720 912 2788 alii
930 2742 1069 2813 quoque
1082 2721 1293 2791 miraculum
1309 2720 1427 2789 statim
1442 2741 1556 2809 agno·

229 2832 360 2896 scentes
388 2826 521 2895 animos
543 2826 716 2917 aperirent
735 2825 932 2915 evangelio,
955 2848 1060 2918 surqe
1079 2849 1184 2919 super
1203 2824 1311 2917 pedes
1328 2839 1403 2894 euos
1422 2838 1556 2912 receus;

229 2947 263 3003 ct
276 2933 427 3003 resilivit
436 2945 470 3002 et
479 2933 675 3001 arnbulabat
686 2941 792 3018 ἥλατο,
804 2938 987 3023 περιεπάτει,
998 2932 1089 3001 bene
1101 2933 1552 3024 distinguunturtempora:

228 3063 312 3133 prae
326 3038 454 3128 gaudio
469 3039 551 3107 facit
565 3060 674 3107 unum
687 3037 811 3107 saltum
833 3042 868 3106 et
881 3037 961 3107 dein
980 3038 1205 3130 perambulat
1221 3043 1392 3130 quantum
1409 3045 1445 3108 et
1465 3061 1554 3131 quo·

187 3135 188 3139 ¹
225 3148 288 3216 ties
299 3146 402 3231 libet,
419 3173 436 3209 (ε
457 3145 627 3236 perfectae
646 3144 801 3213 sanitatis
814 3144 953 3232 signum
972 3151 1046 3213 erat
1064 3146 1161 3236 quod
1173 3145 1373 3215 ambularet
1389 3172 1406 3208 a
1424 3144 1551 3234 (Cin).

273 3250 469 3323 Secundum
483 3251 676 3340 complures
691 3255 793 3320 testes
804 3251 929 3319 Paulus
941 3250 1079 3342 prolato
1089 3252 1233 3320 nomine
1247 3257 1323 3321 lesu
1336 3250 1554 3322 mnationem
1621 3246 1627 3256 '

226 3358 338 3428 ellecit
357 3356 449 3450 (vide
466 3356 541 3425 lect.
558 3357 661 3447 van).
679 3357 744 3424 Sed
759 3356 869 3447 plebis
889 3356 1007 3447 opinio
1019 3356 1155 3425 facilius
1174 3357 1385 3445 intelligitur
1403 3379 1446 3427 ex
1458 3362 1553 3425 textu

227 3471 361 3545 nostro,
379 3464 439 3532 ubi
460 3463 563 3532 tacito
578 3465 715 3532 nomina
735 3461 835 3554 quasi
856 3461 997 3553 propria
1014 3466 1182 3554 potestate
1206 3470 1308 3533 utens
1332 3462 1431 3531 iubet
1454 3463 1552 3532 clau·

224 3570 308 3640 dum
328 3591 486 3658 surgere3
505 3593 537 3639 v.
561 3578 601 3638 10
623 3569 741 3638 turice
758 3579 874 3636 certem
890 3589 969 3636 eum
982 3567 1148 3638 vidissent
1162 3568 1259 3660 quod
1275 3571 1408 3658 fecerat
1420 3568 1553 3638 Paulus

226 3676 423 3746 leuauerunt
444 3697 559 3745 ccccm
571 3697 669 3743 secem
685 3674 859 3765 lycaonice
874 3672 1024 3742 dicentes
1041 3696 1055 3741 :
1074 3674 1129 3742 dii
1141 3673 1273 3743 similes
1288 3675 1384 3762 sacti
1400 3674 1553 3743 lomini-

227 3786 288 3852 bus
300 3782 548 3851 descenderunt
561 3778 610 3848 ad
619 3799 702 3866 nos;
716 3780 754 3847 in
774 3801 901 3868 magna
923 3779 1170 3865 admiratione,
1192 3781 1281 3849 sieut
1300 3782 1496 3869 generatim
1515 3779 1551 3848 in

228 3888 348 3979 quovis
362 3887 616 3975 vehementiore
639 3885 760 3954 affectu
783 3887 941 3954 homines
960 3885 1078 3955 natira
1098 3908 1160 3954 aua
1185 3886 1335 3956 dialecto
1349 3886 1403 3955 uti
1423 3886 1550 3969 solent3

228 4015 353 4084 graeca
368 3992 489 4080 lingua
501 4014 565 4085 per
582 3990 694 4060 Asiam
713 3992 748 4060 in
767 4015 831 4061 usu
847 3997 936 4076 erat,
958 3992 1019 4060 sed
1037 3999 1176 4084 praeter
1194 4014 1270 4062 eam
1285 3994 1393 4062 etiam
1407 3993 1552 4082 linguae

228 4100 365 4168 nativae
382 4098 568 4190 populares
597 4099 840 4181 remanebant,
867 4099 917 4166 uti
943 4099 1186 4190 inscriptiones
1211 4121 1350 4191 quoqne
1373 4099 1552 4188 bilingues

227 4204 337 4296 lyciae
351 4204 508 4295 aliaeque
520 4210 689 4274 testantur
700 4205 757 4295 (ci.
773 4209 897 4273 Lassen
910 4203 948 4273 in
960 4204 1155 4273 zeitschrift
1166 4204 1232 4274 der
1242 4206 1439 4275 deutschen
1455 4227 1551 4274 mor-

226 4311 321 4402 genl.
339 4310 557 4381 Gesellschalt
579 4318 662 4379 185ss
688 4334 723 4401 p.
749 4317 814 4379 329
837 4310 945 4402 seq.);
970 4310 1131 4379 similiter
1155 4310 1388 4401 Hieronymus
1416 4313 1551 4381 Galatas

228 4417 280 4485 uti
294 4418 416 4506 lingua
430 4439 554 4506 graeca
567 4423 601 4485 et
614 4438 675 4485 sua
682 4418 824 4507 propria
837 4417 988 4486 affirmat
1002 4418 1053 4509 (in
1065 4418 1142 4505 Gal.
1157 4439 1315 4509 prooem.
1329 4420 1379 4487 M.
1393 4419 1548 4509 76357).

228 4529 273 4592 lle
289 4525 365 4614 ipsa
375 4524 495 4611 lingua
511 4523 685 4614 lycaonica
700 4522 786 4591 nihil
803 4524 945 4609 scimus;
959 4527 1086 4594 Lassen
1113 4546 1193 4595 eum
1213 4526 1380 4616 opinatur
1398 4524 1548 4595 similem

227 4629 369 4719 linguae
390 4628 641 4720 Cappadociae,
666 4651 769 4721 quam
785 4629 926 4719 linguae
944 4635 1125 4701 Persarum
1149 4635 1336 4720 cognatam
1353 4631 1440 4702 dicit
1457 4632 1496 4723 (l.
1514 4653 1547 4700 c.

223 4757 260 4826 p.
286 4743 365 4805 377.
391 4735 484 4825 378).
508 4735 704 4806 lliraculum
723 4737 908 4806 sanationis
929 4760 988 4806 eos
1003 4738 1047 4806 de
1064 4738 1192 4823 virtrue
1208 4737 1329 4807 divina
1344 4737 1541 4822 admonuit;
