4054 5442
995 375 1062 418 scr.
1085 356 1247 428 sart-19.
1602 358 1605 363 ⁴
1724 358 1784 420 ‚409

456 532 534 580 cum
550 510 655 579 fratre
670 510 789 599 nupsit
809 505 1001 586 Polemoni,
1022 504 1098 592 regi
1111 504 1268 587 Ciliciae3
1288 525 1409 571 verum
1428 505 1493 572 hoc
1505 528 1645 597 quoque
1660 507 1784 575 coniu-

455 615 552 706 gium
582 636 652 682 non
676 613 736 679 diu
762 611 935 700 irruptum
966 609 1106 690 mansit3
1138 611 1178 680 δι’
1204 614 1367 680 ἀκολασίαν
1391 608 1534 699 reliquit
1561 613 1783 681 Polemonem

456 722 581 811 (Antiq.
602 716 732 805 20‚7,3)
755 724 788 784 et
807 706 968 783 rediitad
985 716 1145 799 fratrem3
1165 722 1284 806 postea
1301 745 1316 778 a
1333 715 1407 784 seni
1422 737 1561 805 quoque
1576 720 1783 805 Vespasiano

456 824 709 913 magnificentia
722 844 907 891 munerum
921 828 1023 911 grata
1037 850 1055 885 ν
1074 822 1240 911 (Tacitus,
1256 824 1337 889 llist.
1357 822 1464 911 281),
1480 821 1583 890 etiam
1598 821 1691 889 Titus
1706 844 1783 890 eam

454 929 645 1014 adamavit,
661 929 733 997 imo
748 931 856 998 etiam
870 929 1009 1019 nuptias
1021 928 1196 1018 pollicitus
1208 927 1386 995 ferebatur
1398 928 1552 1017 (Seston.
1568 929 1662 996 Titus
1677 930 1725 1017 7).

498 1036 687 1128 Agrippam
706 1056 822 1104 rerum
842 1034 1061 1102 iudaicarum
1080 1033 1177 1101 haud
1198 1033 1363 1120 ignarum
1382 1032 1528 1101 consulit
1550 1037 1680 1114 Festum
1702 1056 1783 1101 cum

454 1142 546 1211 enim
561 1142 651 1211 nihil
665 1141 817 1210 criminis
831 1140 869 1207 in
884 1140 990 1209 Paulo
1005 1138 1194 1208 invenisset
1205 1144 1240 1207 et
1257 1145 1374 1208 tamen
1388 1139 1537 1221 videret,
1555 1145 1687 1230 quanto
1702 1139 1782 1208 odio

456 1249 548 1318 letali
571 1269 651 1317 eum
675 1248 844 1337 primores
867 1245 1072 1316 ludaeorum
1098 1252 1400 1337 prosequerentur,
1424 1267 1572 1335 pronum
1599 1253 1676 1313 erat
1707 1266 1779 1314 rem

453 1377 530 1424 cum
545 1352 983 1444 Agrippacommunioars,
1000 1358 1039 1420 ut
1051 1353 1097 1420 ah
1116 1374 1157 1420 eo
1176 1351 1314 1419 audiret
1327 1351 1413 1442 quid
1431 1352 1573 1419 tortasse
1597 1353 1647 1418 rei
1663 1350 1781 1419 subes-

453 1467 503 1528 set
526 1482 558 1526 v.
585 1465 625 1527 tt
648 1471 681 1527 ct
699 1481 779 1527 cam
794 1458 866 1526 clies
874 1458 997 1549 plures
1019 1458 1068 1525 ili
1085 1456 1358 1541 demorarentur,
1376 1460 1497 1524 Festus
1516 1459 1592 1546 repi
1613 1456 1801 1524 indicauit

453 1565 495 1633 cle
514 1565 624 1634 Panlo
640 1570 759 1635 ἀνέθετο
771 1569 807 1634 τα
820 1569 895 1633 κατὰ
909 1576 959 1635 τὸν
978 1568 1104 1633 [lether
1120 1586 1259 1632 causam
1274 1563 1369 1631 Pauli
1394 1565 1425 1630 ei
1447 1563 1616 1653 exposuit,
1634 1562 1749 1630 (licens
1767 1585 1780 1630 .·

452 1672 506 1740 vir
517 1672 660 1763 quidam
683 1685 731 1740 est
755 1669 938 1739 derelictio
955 1693 978 1738 a
999 1670 1110 1739 Felice
1131 1672 1278 1753 vinctas,
1299 1694 1330 1737 v.
1352 1678 1391 1738 15
1416 1669 1460 1737 cle
1483 1693 1550 1759 quo
1571 1692 1649 1737 curn
1671 1692 1779 1738 essem

453 1776 668 1867 lerosolymis
679 1775 844 1845 adierunt
858 1799 914 1844 mc
923 1775 1103 1868 principes
1121 1776 1337 1845 sacerdotum
1356 1788 1389 1842 ct
1403 1776 1552 1843 seniores
1572 1775 1778 1843 lctclceorron

449 1884 663 1975 postulantes
675 1882 838 1952 aduersus
850 1882 952 1950 illum
962 1881 1144 1951 damnatio
1150 1904 1229 1950 nem
1234 1885 1287 1967 ;si
1300 1882 1336 1950 id
1346 1882 1532 1951 contuleris
1547 1903 1626 1949 cum
1637 1889 1730 1968 Μ.
1744 1889 1777 1965 3,

451 1991 566 2059 dicere
581 1990 727 2079 poteris,
745 1989 888 2058 ludaeos
910 1987 947 2056 id
969 1989 1067 2079 prius
1083 1989 1271 2079 postulasse
1285 1997 1320 2057 et
1335 1989 1371 2057 id
1395 1989 1494 2079 quasi
1509 1989 1609 2056 innui
1631 1990 1667 2056 in
1682 1988 1744 2057 illo
1770 2010 1777 2057 :

452 2095 613 2164 adierunt
623 2117 702 2163 eum
717 2101 839 2163 contra
851 2095 1015 2176 Paulum3
1031 2094 1127 2185 quod
1148 2116 1227 2162 cum
1251 2099 1367 2162 Festus
1380 2100 1585 2176 recusasset,
1604 2094 1686 2161 dein
1700 2094 1781 2162 illos

451 2202 636 2292 postulasse
650 2201 798 2290 gratiam
810 2205 850 2270 ut
859 2222 938 2268 eum
952 2200 1089 2268 iuberet
1102 2200 1246 2291 perduci
1259 2199 1298 2267 in
1313 2201 1509 2268 lerusalem.
1524 2205 1640 2268 Posset
1654 2198 1778 2267 discri·
1843 2214 1846 2223 “

452 2329 531 2376 men
550 2309 655 2376 ctiam
674 2307 839 2398 explicari
853 2307 921 2388 its,
944 2310 982 2374 ut
1002 2310 1117 2375 Festus
1131 2326 1249 2375 coram
1263 2307 1417 2397 Agrippa
1436 2307 1597 2374 maluerit
1614 2328 1688 2373 rem
1704 2329 1778 2374 ver·

452 2420 523 2482 tere
536 2413 574 2481 in
591 2413 756 2482 maiorem
775 2412 915 2482 laudem
931 2433 1095 2481 romanae
1115 2412 1283 2495 iustitiae,
1301 2419 1335 2480 et
1351 2411 1469 2479 modus
1487 2434 1557 2500 quo
1572 2411 1729 2503 loquitur
1741 2412 1777 2478 in

451 2542 483 2587 v.
503 2526 544 2588 to
558 2520 649 2587 hanc
659 2518 891 2609 suspicionem
913 2541 981 2586 nou
996 2518 1088 2586 tollit
1110 2541 1142 2586 v.
1164 2524 1204 2585 ¹6
1219 2518 1268 2585 od
1282 2539 1366 2607 qnos
1386 2516 1577 2606 respondi:
1605 2517 1692 2607 peria
1707 2540 1775 2583 nori

451 2638 500 2693 cst
518 2624 682 2694 Roneanis
699 2623 909 2693 consuetudo
930 2622 1100 2692 damnare
1121 2623 1275 2714 aliquem
1292 2623 1466 2691 hominem
1487 2633 1659 2711 χαρίζεσθαι
1686 2622 1778 2691 unde

452 2731 567 2800 ludaei
582 2730 763 2822 petebant,
780 2733 831 2800 uti
855 2729 923 2799 sibi
938 2729 1092 2799 traderet
1109 2731 1254 2798 Paulum
1272 2729 1559 2812 interimendum
1582 2729 1636 2797 vel
1657 2734 1777 2798 Festus

450 2838 498 2905 ila
521 2857 595 2904 rem
613 2845 767 2917 cnarral3
781 2836 884 2928 prins
898 2858 1004 2928 qnam
1024 2836 1053 2904 is
1075 2837 1139 2926 qui
1157 2849 1340 2904 accusatur
1356 2849 1551 2926 praesentes
1571 2834 1695 2902 labent
1719 2858 1777 2903 ac-

450 2941 810 3034 cusatoreslocnmqac
829 2940 1043 3032 defendendi
1060 2941 1211 3032 accipiat
1232 2940 1281 3009 acl
1299 2941 1472 3010 abluenda
1492 2941 1661 3023 cn'ncino;
1682 2969 1697 3003 a
1719 2964 1778 3032 ap·

449 3052 547 3139 paret
560 3047 713 3136 gravitm
727 3052 762 3115 et
774 3048 905 3116 iustitia
916 3048 1055 3116 romani
1068 3047 1231 3129 hominis,
1251 3048 1315 3115 etsi
1331 3046 1482 3115 habehat
1494 3069 1535 3114 ea
1545 3046 1678 3114 iustitia
1694 3069 1777 3115 non·

450 3154 537 3223 nihil
555 3153 683 3222 facticii
696 3161 731 3222 ct
742 3154 848 3223 fucati
872 3182 888 3215 ν
907 3152 991 3244 (ΒΙ.)
1006 3159 1041 3221 et
1063 3153 1166 3221 simul
1192 3152 1328 3221 videtur
1350 3155 1383 3222 id
1404 3154 1557 3221 consulto
1577 3154 1717 3233 efferre,
1741 3160 1778 3221 ut

449 3265 617 3352 appareat
645 3282 750 3351 quam
785 3260 892 3347 longe
922 3261 1092 3350 primores
1124 3260 1327 3329 ludaeorum
1356 3260 1470 3327 absint
1503 3260 1547 3326 ab
1578 3259 1777 3346 integritate

450 3387 602 3435 romana.
618 3365 678 3433 Vix
691 3372 826 3457 poterat
848 3387 921 3434 esse
937 3367 1080 3453 ignarus
1099 3371 1184 3456 quot
1204 3367 1327 3433 caedes
1343 3390 1362 3432 a
1379 3365 1511 3433 sicariis
1533 3374 1775 3455 perpetraren-

450 3478 523 3554 tur3
537 3473 630 3541 unde
647 3473 683 3539 in
697 3472 756 3539 illa
771 3471 873 3540 lsudc
885 3492 1029 3540 romana
1044 3471 1268 3562 reprehensio
1282 3473 1474 3540 continetur
1486 3470 1612 3539 acerba
1625 3471 1773 3538 iudaice.

493 3583 598 3647 Suum
622 3583 759 3646 strenue
779 3577 909 3665 agendi
929 3577 1071 3645 modum
1094 3578 1199 3646 ctiam
1226 3576 1344 3646 laudat
1370 3602 1401 3644 v.
1434 3585 1473 3644 17
1499 3600 1575 3644 ercan
1599 3601 1681 3667 erqo
1711 3578 1776 3644 here

450 3684 684 3753 conuenissent
702 3684 778 3751 sine
791 3682 865 3752 alla
879 3681 1050 3752 dilatione
1065 3688 1213 3768 ἃναξτλὴν
1235 3693 1379 3767 μηδεμίαν
1392 3691 1603 3767 :sicsine-ra,
1620 3684 1777 3773 sequenti

450 3790 507 3859 elic
518 3789 637 3859 sedens
647 3812 711 3881 pro
726 3790 897 3858 tribunale·
908 3790 994 3858 iussi
1007 3788 1140 3857 addisci
1163 3789 1277 3857 cirnrn
1291 3792 1335 3857 cl.
1355 3812 1387 3858 v.
1411 3796 1448 3867 ὓς
1473 3797 1513 3856 18
1529 3789 1570 3855 dc
1592 3813 1678 3879 qnia,
1696 3811 1776 3856 erem

448 3896 615 3963 stetissent
633 3910 848 3964 accusatores
870 3907 1027 3978 σταθέντες
1053 3917 1132 3964 cum
1150 3918 1186 3963 sc
1210 3896 1372 3963 stilisscnl
1390 3895 1508 3983 (licei.)
1537 3917 1616 3961 cum
1643 3901 1777 3984 praesto

450 4008 575 4084 essent,
593 4000 727 4069 nnllam
746 4024 887 4070 caeream
907 4001 1121 4092 deserebant,
1139 4001 1319 4092 deperiens
1334 4001 1612 4092 eposcrspicatar
1628 4002 1773 4082 nralnm,

448 4106 582 4176 nullam
596 4108 850 4177 accusationem
868 4130 928 4177 seu
940 4110 1072 4177 crimen
1093 4113 1186 4179 αἰτίαν
1205 4108 1400 4177 inferebant
1421 4130 1541 4177 eorum
1560 4130 1649 4198 quae
1663 4108 1777 4197 suspi-

448 4214 552 4283 cabar
565 4236 633 4302 ego
649 4213 830 4283 scelerum.
848 4219 932 4284 Cum
942 4217 1039 4284 enim
1053 4220 1151 4284 tanto
1165 4216 1279 4283 studio
1294 4222 1439 4283 mortem
1452 4216 1548 4283 Pauli
1561 4222 1773 4304 expeterent.

449 4323 562 4390 Festus
575 4320 765 4390 ascenscio
780 4319 925 4411 putebat
938 4343 1017 4390 eum
1030 4343 1104 4390 esse
1118 4322 1296 4390 hominem
1315 4322 1530 4403 seditiosum,
1549 4323 1693 4388 fortasse
1712 4317 1775 4385 du-

448 4446 524 4494 cem
536 4426 711 4517 quendam
724 4426 940 4497 soenorum.
956 4433 1049 4496 Ales
1062 4429 1286 4520 proterebant
1297 4449 1386 4517 quae
1408 4431 1501 4495 Festo
1519 4427 1662 4494 minimo
1675 4431 1775 4493 erant

448 4553 603 4601 curaer.
631 4540 672 4602 ts
692 4533 910 4626 qccacstiones
933 4556 1012 4602 cero
1030 4533 1203 4625 quasdam
1218 4534 1260 4602 de
1284 4533 1601 4623 snosnpcrstitionc
1626 4540 1694 4620 περὶ
1718 4550 1774 4615 τῆς

449 4643 522 4721 ἰδίας
541 4641 819 4725 semicinctium
833 4640 977 4732 propria
994 4640 1163 4729 religione
1178 4640 1282 4730 (gig),
1302 4663 1364 4708 vox
1380 4648 1430 4707 est
1449 4639 1562 4706 media
1582 4641 1626 4705 cl.
1651 4644 1769 4718 them

451 4745 596 4813 adhibet
606 4767 682 4814 eam
697 4746 843 4837 loquens
860 4747 905 4815 ad
921 4747 1110 4838 Agrippam
1131 4753 1223 4817 certe
1241 4748 1382 4816 notione
1400 4745 1504 4829 hona,
1526 4744 1696 4812 trabebant
1711 4742 1772 4812 acl·
