4128 5442
915 373 917 377 ,
1025 324 1063 399 pn
1082 324 1169 370 meno
1189 325 1321 370 uorouu.
1534 357 1537 360 .
1816 312 1835 368 5

506 457 566 525 nia
590 456 717 524 itinera
743 461 981 538 recensentur3
1006 455 1045 523 id
1063 455 1157 546 quod
1171 474 1212 525 ex
1228 463 1248 522 2
1264 461 1337 524 Cor.
1355 458 1473 525 statim
1487 460 1596 546 patct;
1615 457 1757 525 adverte
1772 459 1836 526 ite-

506 585 586 631 rum
599 562 690 630 illud
701 563 768 630 iter
781 560 1146 652 corinthiacum'quod
1159 567 1290 631 tacetur
1303 584 1375 630 non
1388 567 1541 653 spectare
1555 562 1600 630 ad
1614 562 1834 631 condendum

506 676 640 739 coetum
657 667 831 754 fidelium3
850 690 964 757 neque
981 667 1026 735 ad
1045 667 1083 735 id
1097 660 1228 760 spectat
1241 668 1333 760 quod
1348 668 1522 760 apostolus
1535 667 1671 757 colligit
1685 667 1835 737 eleemo-

506 798 609 865 synas
620 798 685 867 pro
699 775 913 868 pauperibus
926 774 966 842 in
976 773 1120 855 Iudaea;
1142 775 1185 844 de
1196 796 1266 866 qua
1278 798 1316 843 re
1327 777 1459 867 saepius
1470 775 1508 843 in
1519 775 1669 867 epistolis
1681 775 1835 865 loquitur

505 889 538 951 et
561 887 836 974 propterquam
857 880 978 949 scribit
1002 901 1037 948 se
1056 881 1243 948 Ierusalem
1259 882 1495 971 protecturum
1518 884 1630 971 (Rom.
1658 887 1831 966 15‚25-28.

507 994 523 1055 1
546 991 624 1057 (lor.
652 995 789 1072 1o,1-o;
813 993 835 1055 2
855 992 934 1056 Gor.
958 992 1131 1072 a,1-9‚15.
1157 985 1228 1056 Gal.
1260 986 1368 1078 ΜΟ),
1392 988 1452 1056 sed
1477 1009 1581 1078 quam
1602 991 1707 1055 Lucas
1723 988 1834 1056 solum

505 1095 620 1165 obiter
632 1097 670 1163 in
683 1094 783 1163 Pauli
797 1093 953 1162 oratione
967 1094 1083 1182 tangit
1096 1094 1237 1185 (Phil).
1352 1160 1357 1169 ,
1521 1108 1525 1113 ·
1595 1108 1599 1114 ’
1619 1184 1623 1191 ¹

535 1200 779 1280 ,offenduntur
796 1227 828 1263 .„
851 1200 971 1270 ⁴critici
996 1229 1013 1263 o
1036 1207 1070 1268 et
1092 1222 1210 1270 rerum
1229 1202 1468 1280 fide-mdeesse
1491 1199 1657 1285 clamant,
1688 1199 1835 1291 quiade

505 1308 611 1377 Paulo
632 1306 759 1388 similia
780 1313 969 1375 narrentur
990 1329 1081 1398 quae
1100 1305 1174 1375 iam
1193 1308 1236 1375 de
1251 1313 1350 1376 Petro
1365 1305 1537 1376 dictasint
1552 1307 1609 1398 (cl.
1641 1306 1834 1376 Weizsoecr

504 1412 654 1499 lcer‚1)as
670 1419 780 1505 apost.
797 1412 960 1495 Zeitslter
978 1435 1015 1505 p.
1030 1417 1145 1497 2023.
1168 1414 1237 1494 ed.,
1259 1420 1298 1482 ut
1311 1413 1395 1482 alios
1407 1413 1566 1504 taceam).
1584 1415 1680 1481 Hisce
1694 1434 1835 1503 respon-

382 1519 383 1523 ’
505 1520 565 1588 det
579 1519 632 1589 Bl.
655 1541 703 1586 r«
719 1542 801 1602 curn
813 1517 1028 1587 adverterint
1047 1518 1091 1586 de
1105 1524 1205 1587 Petro
1221 1521 1395 1612 Pauloque
1412 1517 1590 1611 complura
1607 1519 1735 1588 similia
1753 1542 1835 1587 nar-

505 1626 591 1710 rari,
622 1626 709 1694 haec
737 1646 828 1716 quae
851 1631 934 1693 sunt
945 1624 1004 1709 ,de
1019 1627 1126 1695 Paulo
1148 1625 1193 1694 ad
1209 1626 1359 1695 'illorum
1379 1624 1576 1718 exemplum
1599 1626 1745 1695 conficta
1763 1648 1834 1693 esse

504 1732 697 1818 clamitant,
724 1731 916 1801 scilicetne
938 1730 1052 1800 minor
1067 1737 1165 1801 Petro
1183 1732 1309 1801 Paulus
1320 1733 1507 1809 videretur.
1528 1732 1739 1829 Liberature
1758 1754 1835 1801 car-

504 1861 583 1907 cere
608 1844 743 1919 Petrus,
771 1859 856 1926 ergo
884 1844 919 1906 et
937 1839 1074 1908 Paulus.
1098 1843 1184 1905 Cum
1204 1860 1305 1927 mago
1325 1840 1461 1907 Simone
1478 1839 1538 1907 ille
1553 1840 1705 1908 conflixit
1726 1862 1733 1908 :
1751 1862 1834 1926 ergo

505 1945 631 2013 Paulus
649 1966 729 2013 cum
748 1934 1136 2039 Bariesua'ceterisque.
1157 1934 1274 2040 Petrus
1292 1944 1456 2036 Spiritum
1478 1953 1629 2014 sanctum
1650 1945 1773 2013 tribuit
1787 1945 1835 2013 eis

504 2051 566 2142 qui
586 2072 609 2118 a
632 2049 795 2141 Philippo
820 2049 919 2141 tincti
934 2055 1035 2119 erant
1055 2071 1165 2139 :ergo
1185 2050 1310 2121 Paulus
1327 2073 1462 2142 quoqne
1481 2043 1678 2119 hominibus
1690 2051 1858 2142 quihus-⁴

504 2157 587 2225 dam
605 2163 638 2224 et
652 2156 736 2248 ipsis
748 2178 846 2225 sacro
862 2155 931 2224 ritu
949 2156 1021 2225 iam
1038 2156 1200 2240 initiatis,
1216 2178 1303 2250 quos
1318 2157 1443 2249 Ephesi
1456 2157 1600 2225 invenit.
1620 2161 1708 2226 Haec
1722 2157 1833 2224 etalio

505 2285 584 2332 cum
614 2264 828 2353 conquirunt
848 2261 1159 2354 fraudulentusque
1182 2270 1274 2332 artes
1299 2263 1436 2332 subesse
1461 2268 1624 2347 statuunt,
1652 2270 1833 2331 emunctae

503 2369 599 2438 naris
624 2368 695 2438 sibi
716 2391 788 2437 esse
806 2367 985 2451 uidentur3
1006 2369 1109 2438 alteri
1123 2391 1142 2437 e
1156 2375 1334 2439 contrane
1348 2376 1568 2438 monstratam
1582 2369 1723 2462 quidem
1739 2371 1831 2437 trau·

504 2476 582 2545 dem
602 2473 819 2564 agnoscunt,
839 2474 900 2544 sed
915 2474 1038 2544 dicunt
1051 2475 1235 2568 dicentque
1254 2480 1288 2544 et
1304 2498 1486 2565 magorum
1505 2477 1623 2544 omnia
1640 2483 1712 2544 tum
1730 2477 1834 2567 plena

503 2583 607 2650 luisse
626 2620 671 2633 -
687 2581 726 2649 id
740 2582 833 2673 quod
850 2566 1000 2672 probare
1014 2581 1220 2671 facillimum
1239 2589 1289 2651 est
1302 2621 1359 2666 -,
1377 2583 1515 2651 etinter
1529 2583 1704 2651 Simonem
1719 2585 1833 2652 Barie·
1955 2620 1958 2627 ⁴

502 2711 668 2780 suamque
682 2694 716 2757 et
731 2710 874 2780 eaquae
888 2687 932 2757 de
944 2694 1094 2780 utroque
1106 2695 1293 2758 narrantur
1303 2711 1348 2757 ne
1361 2690 1542 2758 minimum
1553 2689 1694 2781 quidem
1709 2689 1831 2757 simili-

503 2794 634 2863 tudinis
654 2817 727 2863 esse
747 2833 793 2847 -
815 2794 917 2864 sicuti
938 2818 1008 2865 non
1032 2801 1083 2864 est
1100 2818 1235 2864 revera
1252 2834 1313 2878 -‚
1335 2803 1370 2865 et
1387 2803 1504 2868 cetera
1518 2795 1636 2864 omnia
1649 2797 1738 2864 intra
1756 2820 1831 2865 eam

501 2900 767 2970 similitudinem
788 2902 993 2984 consistere,
1017 2924 1107 2994 quae
1128 2903 1319 2971 necemario
1343 2902 1415 2970 tere
1432 2902 1620 2993 aliquando
1638 2902 1828 2970 accidebat.

502 3012 589 3078 Nam
609 3029 688 3077 oum
709 3007 997 3100 opus-utriusque
1015 3007 1129 3077 simile
1147 3014 1248 3093 esset,
1271 3007 1400 3077 similia
1412 3008 1548 3098 utrique
1562 3010 1737 3077 interdum
1750 3032 1831 3078 eve·

502 3114 596 3184 nisse
609 3110 712 3183 etiam
729 3114 804 3183 sine
817 3115 1017 3183 testimonio
1031 3114 1245 3184 credendum
1259 3119 1345 3184 erat.
1362 3115 1526 3184 Paulinus
1536 3122 1650 3184 autem
1662 3116 1723 3184 ille
1737 3139 1832 3184 men·

504 3221 569 3289 dax
594 3219 799 3289 incredibile
827 3226 880 3288 est
907 3242 1016 3312 quam
1050 3220 1089 3289 in
1116 3221 1314 3290 mentiendo
1336 3221 1528 3290 modestum
1554 3243 1589 3289 se
1616 3223 1827 3312 praebuerit.

503 3326 703 3415 Augebatur
733 3326 805 3411 ille,
830 3348 910 3395 cum
936 3332 1076 3396 Petrum
1098 3326 1230 3396 videret
1256 3327 1441 3397 Dorcadem
1455 3328 1501 3396 ’in
1527 3328 1632 3395 vitam
1655 3352 1830 3398 revocasse

502 3433 655 3516 narrari,
682 3454 796 3523 neque
824 3432 1011 3524 quicquam
1036 3433 1080 3502 de
1099 3433 1207 3503 Paulo
1230 3433 1342 3502 nmile
1362 3434 1528 3502 traditum
1551 3434 1710 3513 haberet3
1734 3436 1830 3503 finxit

502 3540 610 3628 igitur
630 3537 786 3607 fabulam
807 3538 851 3608 de
871 3540 1024 3627 Eutycho
1046 3529 1279 3623 adulescente,
1301 3539 1420 3608 sedita
1433 3540 1541 3623 finxit,
1559 3548 1597 3609 ut
1611 3565 1650 3609 ex
1665 3544 1738 3634 ipsa
1753 3566 1830 3609 uar-

501 3646 636 3715 rationo
649 3644 723 3715 eius
735 3645 846 3715 videri
858 3645 966 3737 possit
980 3648 1153 3736 Eutychus
1167 3669 1238 3715 non
1253 3669 1332 3716 vere
1347 3654 1499 3717 mortuus
1511 3648 1613 3715 luisse
1624 3648 1681 3737 (cl.
1699 3656 1752 3727 20,
1761 3654 1826 3735 10).

502 3758 621 3845 ltaque
641 3752 753 3822 omnis
768 3752 831 3822 illa
846 3760 980 3840 δεινέτης
999 3776 1041 3822 eo
1059 3776 1166 3844 usque
1185 3754 1288 3837 valet,
1304 3759 1343 3823 ut
1355 3757 1386 3823 ei
1399 3755 1552 3842 theologi
1567 3755 1632 3822 sibi
1647 3763 1828 3847 sectaeque

500 3882 584 3928 suae
600 3859 774 3950 placeant,
795 3881 874 3928 cum
891 3880 945 3927 res
959 3860 1055 3951 ipsae
1070 3867 1231 3929 maneant
1243 3860 1329 3929 tales
1342 3860 1461 3952 quales
1473 3862 1517 3928 ab
1529 3861 1629 3928 initio
1642 3863 1781 3930 luerunt
1796 3891 1826 3927 o.

546 3964 779 4034 Ostenduntur
794 3994 811 4028 ι(
831 3964 977 4036 critici»
998 3966 1175 4034 miraculis
1192 3967 1352 4036 narratis.
1374 3966 1542 4035 Audiatur
1555 3968 1681 4036 iterum
1697 3969 1749 4037 ill.
1769 3968 1829 4058 qui

501 4072 572 4141 illis
590 4072 677 4141 haec
696 4071 950 4140 consideranda·
966 4073 1129 4164 proponit
1141 4082 1158 4144 ἐ
1177 4101 1194 4135 «
1216 4080 1333 4141 oarrut
1348 4077 1451 4143 Lucas
1465 4073 1508 4141 de
1523 4074 1646 4157 Paulo,
1662 4076 1829 4162 gloriatur

502 4176 560 4245 hic
583 4176 625 4244 de
648 4200 701 4261 se,
725 4182 760 4246 et
779 4177 826 4246 ad
845 4183 1019 4248 Romanos
1033 4178 1163 4270 (15‘,19)
1181 4179 1271 4247 etad
1286 4179 1477 4248 Corinthios
1493 4180 1662 4272 (hints)
1678 4182 1829 4249 scribens

501 4300 612 4369 σημεῖα
635 4291 685 4354 καὶ
699 4291 879 4381 τέρατα-καὶ
900 4278 1041 4372 torcium
1060 4307 1083 4353 a
1099 4308 1135 4355 sc
1156 4284 1249 4353 edila
1268 4307 1352 4355 esse.
1370 4288 1405 4354 Si
1424 4284 1509 4354 tates
1526 4308 1580 4354 res
1594 4289 1737 4355 omnino
1753 4288 1828 4356 fieri

501 4403 571 4459 non
592 4396 752 4482 possunt,
778 4392 944 4461 mentitur
963 4391 1104 4477 Paulus;
1121 4392 1281 4461 sicontra
1299 4392 1381 4461 huic
1394 4392 1605 4462 eredendum
1620 4400 1686 4476 est,
1706 4395 1827 4484 quidni

501 4495 604 4565 etiam
627 4499 757 4567 Lucae?
774 4497 934 4590 Plerique
956 4498 1196 4567 autem‘etiam
1215 4520 1307 4568 nuoc
1326 4498 1431 4568 Paulo
1446 4499 1659 4590 parcendum
1674 4523 1744 4569 esse
1763 4500 1828 4568 du·

500 4609 596 4687 cunt,
616 4626 661 4672 ne
679 4603 818 4673 sublata
833 4627 875 4674 ea
893 4604 1058 4674 columna
1072 4622 1177 4697 quam
1193 4626 1297 4674 unam
1312 4605 1382 4674 lere
1394 4604 1607 4695 reliquerunt
1623 4607 1740 4674 omnia
1754 4630 1828 4674 cor-

502 4716 620 4795 ruant3
646 4710 766 4803 itaque
793 4734 864 4780 non
883 4718 1014 4802 negant
1036 4717 1071 4781 et
1093 4712 1147 4780 illi
1163 4712 1267 4781 tidem
1289 4712 1332 4781 de
1355 4712 1564 4781 miraculisa
1587 4736 1623 4781 se
1643 4713 1745 4781 editis
1765 4714 1828 4781 ha-
