4154 5452
1074 377 1158 421 aar.
1181 362 1243 434 9,9.
1767 363 1823 424 161

505 519 594 583 stere
608 515 714 596 solet3
732 520 886 582 ceterum
899 511 977 578 vide
993 510 1038 577 ad
1053 533 1084 575 v.
1103 516 1161 594 18;
1176 521 1209 576 et
1224 532 1294 577 non
1305 509 1526 577 oranducavit
1539 532 1649 600 neque
1664 512 1767 593 bitin
1783 534 1826 580 en

505 644 526 688 a
539 620 753 713 poenitentia
770 618 909 685 initium
924 615 1166 684 conversionis,
1185 621 1251 685 Cur
1265 622 1378 685 autem
1392 639 1463 684 non
1481 615 1701 684 manducavit
1714 639 1827 706 neque

506 727 615 795 bibit?
623 724 806 814 respondet
816 723 894 792 Chr.
908 745 922 790 .·
932 744 993 792 sua
1003 729 1100 811 gesta
1108 723 1308 807 damnabat,
1321 723 1549 803 confitebatur
1561 723 1825 812 (ἐξωμολογεῖτο),

506 833 645 914 orabat,
671 830 819 919 rogabat
836 836 963 914 Deum,
980 836 1014 898 et
1042 832 1119 899 Oec.
1144 856 1157 899 :
1182 854 1218 899 se
1241 831 1356 921 ipsum
1375 829 1474 898 valde
1492 829 1670 897 damnavit
1687 835 1828 919 propter

505 938 780 1029 persecutionem
795 938 966 1006 Ecclesiae
979 937 1153 1029 tristisque
1167 943 1272 1006 Deum
1290 938 1496 1029 precabatur
1507 942 1546 1004 ut
1558 934 1625 1003 sibi
1640 934 1829 1002 remittere-

504 1050 573 1112 tur.

550 1157 699 1220 Eventus
713 1151 771 1219 bic
790 1152 895 1219 etiam
909 1156 1072 1217 narratur
1083 1155 1163 1230 22,ss
1177 1170 1249 1237 seq.
1266 1156 1301 1215 et
1321 1154 1423 1230 idid
1441 1171 1513 1239 seq.
1535 1154 1574 1216 ln
1588 1154 1734 1239 utroque
1752 1148 1828 1214 loco

504 1260 576 1350 ipse
593 1258 718 1325 Paulus
729 1261 890 1324 eventum
901 1261 1036 1336 narrat,
1053 1254 1148 1345 prius
1161 1254 1310 1336 ludaeis,
1326 1254 1407 1322 dein
1425 1275 1540 1322 coram
1557 1255 1709 1346 Agrippa
1730 1275 1825 1342 rege.

506 1370 585 1433 Tres
599 1364 666 1430 bae
684 1361 903 1430 narrationes
916 1366 951 1429 et
965 1361 1078 1429 verbis
1093 1366 1127 1429 et
1140 1359 1348 1451 quibusdam
1367 1360 1622 1429 conditionibus
1643 1361 1697 1427 vel
1715 1360 1830 1429 adiec-

505 1469 550 1537 tis
563 1468 621 1536 vel
635 1469 771 1536 omissis
785 1468 1004 1560 aliquantum
1016 1468 1108 1535 inter
1120 1489 1156 1535 se
1171 1467 1349 1550 differunt3
1367 1468 1460 1536 unde
1479 1469 1574 1538 Baur
1585 1465 1716 1557 aliique
1733 1489 1774 1534 ex
1786 1466 1829 1532 iis

505 1576 620 1643 conati
631 1582 712 1644 sunt
726 1574 833 1643 fidem
852 1580 998 1643 Actuum
1020 1575 1234 1658 subvertere;
1250 1596 1364 1665 neque
1378 1574 1483 1643 bodie
1497 1573 1619 1641 desunt
1633 1575 1693 1665 qui
1710 1572 1829 1639 discri-

506 1681 603 1749 mina
626 1682 720 1750 inter
744 1702 781 1750 se
803 1680 968 1771 componi
985 1703 1083 1770 posse
1109 1687 1238 1769 negent
1256 1681 1406 1771 ideoque
1430 1685 1553 1749 Lucam
1575 1679 1825 1768 negligentiae,
1946 1669 1950 1676 ¹

506 1788 632 1857 erroris
649 1788 809 1857 incusant
825 1788 881 1876 (el.
907 1786 1057 1875 Weodt).
1077 1786 1169 1854 Unde
1184 1786 1371 1855 ridendum
1384 1795 1435 1855 est
1448 1809 1536 1878 quae
1550 1787 1619 1854 sint
1635 1786 1694 1854 illa
1708 1785 1829 1854 discri-

505 1896 612 1963 mina.
640 1895 907 1963 Concedendum
931 1900 981 1961 est
999 1899 1114 1961 autem
1133 1893 1292 1983 scriptori
1315 1916 1411 1961 sacro
1436 1894 1531 1984 quod
1553 1894 1641 1962 nulli
1665 1899 1825 1982 negatur,

505 2001 578 2069 scil.
606 2006 662 2081 ut,
691 1999 874 2068 sioccasio
900 1998 967 2067 lert
991 1998 1140 2067 eundem
1155 2005 1315 2067 eventum
1343 2002 1468 2067 iterum
1491 2021 1564 2068 esse
1593 2000 1826 2079 narrandum,

505 2107 538 2174 ei
559 2106 664 2174 liceat
688 2106 794 2175 modo
821 2105 963 2174 brevius
988 2105 1091 2173 modo
1126 2104 1326 2196 explicatius
1365 2105 1575 2196 uberiusque
1600 2127 1675 2172 rem
1702 2126 1830 2196 propo-

504 2235 603 2294 nere,
628 2235 743 2303 neque
763 2210 1034 2301 adstringendus
1052 2211 1118 2280 erit
1131 2211 1256 2280 iisdem
1280 2215 1422 2280 omnino
1444 2211 1570 2281 verbis.
1590 2215 1706 2301 Neque
1729 2211 1830 2280 facile

505 2320 720 2388 credendum
743 2324 808 2403 est,
830 2317 1034 2409 scriptorem
1055 2318 1257 2409 ceteroquin
1275 2318 1474 2407 diligentem
1492 2320 1543 2387 ita
1562 2340 1584 2386 a
1602 2339 1638 2386 se
1660 2318 1736 2408 ipso
1766 2318 1828 2385 de-

504 2426 625 2511 iicere,
642 2426 733 2494 utin
753 2425 875 2494 eadem
893 2447 930 2492 re
944 2424 1120 2493 narranda
1134 2423 1202 2493 sibi
1229 2425 1457 2510 contradicat,
1473 2431 1593 2515 postea
1615 2430 1717 2512 neget
1740 2446 1829 2514 quae

504 2537 606 2600 antea
633 2532 877 2614 affirmaverit,
902 2539 963 2599 aut
991 2553 1083 2599 nunc
1101 2531 1251 2599 affirmet
1278 2553 1366 2621 quae
1389 2553 1468 2599 mox
1492 2529 1633 2599 abnuet.
1661 2533 1730 2596 Hoc
1753 2529 1829 2598 loco

506 2644 541 2707 et
566 2644 670 2721 2210
694 2639 817 2705 Saulus
840 2638 983 2706 iubetur
1005 2638 1159 2705 Damasci
1184 2637 1314 2705 discere
1338 2636 1422 2728 quid
1443 2636 1510 2706 sibi
1541 2633 1737 2705 laciendum
1763 2636 1825 2719 sit3

505 2744 607 2813 aliter
635 2750 760 2828 ac,1c;
780 2765 864 2811 nam
888 2743 976 2810 nibil
1002 2743 1046 2811 de
1070 2765 1111 2810 eo
1129 2742 1291 2811 mandato
1312 2749 1348 2812 et
1365 2745 1479 2811 statim
1499 2745 1651 2815 Christus
1672 2768 1751 2815 eum
1782 2744 1829 2813 ad

504 2850 714 2942 apostolatus
744 2849 953 2937 dignitatem
981 2849 1097 2916 evehit
1124 2855 1157 2917 et
1185 2856 1299 2931 vocat3
1329 2849 1366 2917 id
1397 2851 1489 2941 quod
1511 2850 1559 2920 'in
1584 2852 1721 2921 duabus
1753 2852 1829 2920 aliis

504 2955 764 3025 narrationibus
782 2955 816 3023 ei
844 2978 908 3047 per
925 2956 1094 3023 Ananiam
1114 2955 1308 3025 innotescit.
1332 2957 1445 3041 Proin,
1468 2957 1498 3024 si
1519 2958 1616 3026 adest
1636 2959 1829 3028 contradic·

504 3062 570 3142 tio,
599 3064 673 3153 ipse
708 3061 836 3130 Paulus
866 3062 932 3129 sibi
963 3061 1185 3145 contradicit,
1219 3061 1321 3129 aliter
1344 3061 1520 3131 narrando
1542 3063 1580 3132 in
1604 3086 1760 3133 sermone
1783 3064 1829 3132 ad

505 3170 666 3249 ludaeos,
682 3168 728 3235 ad
743 3168 935 3258 Agrippam
955 3167 1067 3235 aliter.
1084 3168 1163 3247 Quis
1186 3169 1251 3236 boc
1275 3168 1418 3237 credat‘.l
1433 3174 1556 3238 Annon
1574 3170 1689 3262 potius
1711 3169 1829 3240 dicen·

504 3276 588 3343 dum
601 3275 685 3356 erit,
704 3275 848 3343 Paulum
865 3274 1019 3342 consulto
1034 3296 1151 3342 coram
1170 3274 1323 3366 Agrippa
1335 3280 1369 3343 et
1383 3276 1551 3344 Ananiam
1564 3279 1721 3346 omittere
1736 3286 1769 3347 et
1788 3301 1826 3346 ea

508 3403 598 3472 quae
613 3380 767 3449 Christus
779 3380 849 3447 alio
865 3387 1020 3471 tempore
1039 3380 1187 3463 dixerat,
1201 3381 1315 3449 statim
1328 3390 1450 3451 cuncta
1467 3384 1569 3452 simul
1597 3407 1758 3453 enarrare
1774 3409 1828 3453 vo·

507 3488 636 3555 luisset
651 3486 740 3565 Quid
755 3486 792 3554 in
806 3486 866 3554 tali
884 3486 1013 3574 agendi
1029 3486 1131 3554 modo
1145 3486 1323 3555 offensioni
1336 3510 1409 3557 esse
1422 3493 1557 3580 potest?
1571 3495 1658 3559 Bene
1674 3514 1716 3560 ea
1729 3492 1772 3560 de
1792 3514 1829 3559 re

506 3615 587 3662 cum
601 3593 783 3661 catholicis
798 3592 849 3660 Bl.
869 3592 1073 3661 sententiam
1092 3593 1160 3660 iert
1176 3614 1184 3662 τ
1200 3619 1216 3653 «
1235 3593 1272 3660 in
1285 3594 1350 3662 hac
1366 3600 1480 3662 autem
1494 3595 1648 3666 oratione
1663 3600 1750 3688 (cap.
1770 3599 1827 3685 id)

504 3706 579 3768 tota
598 3721 744 3790 persona
763 3698 916 3766 Ananiae
935 3697 1072 3766 sublata
1087 3704 1153 3781 est,
1175 3698 1303 3790 quippe
1322 3722 1411 3791 quae
1428 3723 1498 3769 non
1523 3709 1609 3771 essct
1631 3709 1712 3796 apta
1734 3705 1828 3796 apud

505 3809 567 3874 bos
580 3806 772 3885 auditores3
790 3805 884 3874 unde
897 3805 1104 3895 sequebatur
1115 3812 1153 3872 ut
1167 3805 1328 3873 mandata
1343 3808 1459 3875 omnia
1473 3815 1511 3876 ut
1522 3808 1629 3900 ipsius
1643 3814 1715 3879 lesu
1726 3811 1828 3879 etlata

503 3910 782 3979 inducerentur»
799 3911 847 4003 (p.
865 3911 959 4001 roi).
982 3916 1064 3980 ltem
1079 3910 1196 4002 itaque
1208 3911 1382 4003 Agrippae
1395 3936 1459 4005 per
1472 3916 1715 4006 compendium
1731 3940 1830 3985 enar-

505 4025 561 4086 rat
575 4016 688 4085 multa
707 4017 811 4084 simul
828 4017 1060 4107 complectens
1074 4040 1163 4107 quae
1174 4039 1242 4084 non
1258 4040 1327 4086 uno
1341 4019 1378 4086 in
1389 4020 1463 4087 loco
1479 4042 1592 4111 neque
1606 4023 1728 4091 eodem
1741 4031 1828 4092 tem-

505 4146 589 4215 pore
613 4130 712 4211 gesta
737 4128 772 4190 et
794 4123 889 4192 dieta
917 4129 1006 4190 sunt,
1029 4129 1139 4202 Quare
1163 4123 1282 4192 inutile
1311 4132 1361 4193 est
1386 4148 1560 4195 assumere
1579 4151 1658 4197 cum
1692 4130 1826 4215 Wendt,

506 4236 633 4299 bucam
650 4252 716 4321 pro
731 4252 808 4320 cap.
826 4236 870 4297 26
885 4228 1046 4297 babuisse
1064 4230 1195 4297 iontem
1213 4229 1321 4298 alium
1335 4253 1483 4324 eumque
1508 4235 1686 4304 meliorem
1702 4238 1829 4325 magis·

368 4350 371 4357 '
507 4359 574 4427 que
591 4335 661 4404 tide
677 4337 842 4424 dignum,
857 4336 895 4403 in
913 4358 989 4426 cap.
1014 4343 1035 4403 9
1054 4341 1089 4404 ct
1104 4342 1147 4403 22
1167 4337 1366 4406 eumalium
1389 4339 1517 4409 iontem
1534 4341 1740 4410 deteriorem
1757 4366 1828 4411 esse

504 4447 675 4511 secutum.
698 4442 844 4511 Unicum
858 4442 989 4510 iontem
1004 4441 1127 4510 habuit
1143 4444 1255 4534 ipsum
1270 4443 1428 4513 Paulum!
1442 4450 1584 4538 Insuper
1594 4449 1696 4516 Saulo
1710 4449 1828 4519 obstu-

505 4548 642 4638 pefacto
662 4548 778 4636 magis
795 4572 814 4618 e
829 4549 881 4617 rei
895 4548 1037 4617 veritate
1047 4549 1205 4617 convenit
1219 4549 1334 4619 brevis
1349 4551 1540 4621 admonitio
1555 4560 1589 4622 et
1602 4554 1645 4623 ad
1660 4556 1828 4624 Ananiam

505 4654 621 4722 missio
633 4660 669 4722 et
682 4677 747 4746 per
760 4654 878 4747 plures
892 4655 965 4723 dies
978 4657 1213 4747 praeparatio,
1228 4679 1332 4748 quam
1348 4660 1434 4727 utin
1449 4659 1524 4751 ipsa
1536 4659 1599 4728 illa
1612 4661 1827 4754 obstupefac-

505 4760 599 4830 tione
612 4766 646 4829 et
660 4762 883 4851 percussione
898 4763 1014 4829 statim
1030 4763 1238 4853 amplissime
1259 4764 1452 4834 edoceatur.
1470 4768 1504 4834 si
1516 4789 1599 4855 ergo
1617 4770 1704 4838 varii
1718 4771 1829 4839 fontes

881 4890 1075 4930 casamarium.
1092 4904 1124 4917 -
1140 4891 1167 4929 m
1183 4893 1260 4931 aeros
1276 4893 1364 4932 arosr.
1382 4907 1413 4920 -
1431 4886 1456 4933 11
