4054 5442
1006 335 1074 379 aar.
1098 319 1218 405 sss-e.
1720 318 1779 382 aas

452 466 630 558 inciperet.
650 468 786 537 Sciebat
805 467 928 535 Paulus
941 465 1026 555 quid
1040 463 1213 554 pharisaei
1228 463 1393 532 sentirent
1411 470 1531 531 contra
1549 467 1777 550 sadducaeos3

452 571 594 642 fortasse
619 575 748 642 sciebat
767 592 905 660 quoqne
923 571 1059 659 aliquos
1077 592 1095 637 e
1118 570 1310 661 pharisaeis
1334 568 1533 658 synedristis
1557 568 1624 637 sibi
1644 573 1782 663 aliqua·

453 685 551 749 tenus
576 682 703 747 lavere.
722 705 738 737 «
753 676 847 742 Sicut
861 676 975 743 unitas
994 675 1168 745 bonorum
1183 699 1319 767 semper
1335 681 1385 745 est
1409 674 1520 758 utilis,
1544 675 1593 742 sic
1607 678 1780 746 matorum

453 786 565 852 unitas
578 804 715 872 semper
730 787 780 848 est
794 781 892 849 bonis
903 783 1024 867 noxia;
1044 784 1137 852 unde
1156 806 1250 852 nunc
1265 783 1440 874 apostolus
1456 787 1691 872 persecutores
1703 804 1783 851 suos

453 888 634 958 dissociare
660 889 803 977 satagit,
827 898 987 980 atquem
1005 890 1096 956 uniti
1112 891 1290 957 cinxerant
1308 888 1411 957 divisi
1424 888 1583 956 laxarent
1602 915 1619 950 a
1637 887 1782 978 (Bedo);

452 1017 486 1062 v.
498 1002 518 1061 6
536 993 646 1062 sciens
658 1007 774 1063 autem
787 994 933 1082 Paulis,
947 994 1032 1085 quia
1043 1016 1210 1086 unapars
1222 1007 1307 1062 esset
1320 993 1596 1063 sadducaeorum
1616 993 1670 1082 (cl.
1686 995 1783 1084 5‚17)

453 1100 609 1169 etaltera
625 1101 892 1193 pharisoeorum
905 1098 1114 1168 eeclomrioit
1127 1101 1165 1168 io
1180 1100 1322 1170 concilio
1343 1122 1357 1167 .·
1371 1100 1591 1188 cirisratres,
1611 1122 1676 1191 eqo
1691 1097 1781 1192 plta-

454 1207 584 1276 riseeus
606 1230 699 1294 serm,
722 1205 817 1296 filius
837 1204 1114 1296 pharisaeorum,
1144 1229 1215 1275 non
1239 1206 1350 1274 solum
1375 1214 1475 1296 pater
1496 1228 1611 1291 mem,
1637 1206 1701 1275 sed
1719 1206 1780 1275 alii

453 1336 591 1404 quoque
606 1315 751 1380 maiores
770 1312 944 1401 pharisaei
965 1318 1079 1397 erant,
1096 1311 1138 1382 de
1156 1334 1215 1404 spe
1240 1324 1274 1379 et
1294 1310 1541 1379 resurreccione
1563 1324 1780 1381 mortuorum

453 1441 516 1508 eqo
529 1417 686 1501 iudicor;
701 1418 803 1507 proin
817 1439 957 1486 causam
975 1439 1072 1486 suam
1085 1440 1158 1486 esse
1175 1418 1296 1487 intime
1308 1420 1459 1486 uinctam
1474 1423 1509 1485 et
1519 1417 1685 1487 sociatam
1699 1441 1779 1487 eum

452 1524 624 1612 dogmatis
638 1524 917 1614 pharisaeorum
934 1525 1023 1592 Phil.
1039 1532 1096 1606 3‚5
1110 1523 1298 1594 secundum
1306 1524 1420 1611 legem
1435 1523 1652 1616 pharisaeus;
1671 1546 1780 1616 quare

453 1630 578 1698 merito
601 1635 699 1699 notat
714 1629 765 1698 Bl.
793 1651 936 1719 :nugas
958 1635 1069 1718 agunt
1089 1630 1150 1722 qui
1165 1632 1232 1698 hoc
1249 1634 1313 1716 εἰμί
1330 1631 1545 1720 (pharisaeus
1565 1630 1657 1722 sum)
1673 1630 1781 1699 otten-

453 1737 594 1804 duntur.
619 1736 715 1815 Quod
743 1735 870 1804 dicitur
893 1736 935 1805 de
959 1758 1019 1827 spe
1047 1748 1123 1807 et...
1144 1736 1307 1828 explicari
1334 1741 1445 1828 potest
1470 1743 1519 1806 vet
1543 1737 1639 1828 quod
1661 1736 1782 1806 dicunt

453 1843 711 1933 epexegetieum
725 1863 785 1910 sea
804 1842 1048 1933 explicativum
1066 1862 1075 1910 ε
1091 1843 1134 1911 de
1154 1865 1215 1933 spe
1231 1843 1423 1933 etquidem
1447 1843 1491 1911 de
1514 1844 1778 1926 resurrectione,

452 1949 553 2016 itaut
568 1949 715 2037 quaesit
735 1970 813 2039 spes
829 1949 1020 2017 accuratius
1043 1949 1293 2018 determinetur
1304 1949 1362 2040 (cf.
1379 1949 1498 2037 etas)
1514 1950 1571 2017 vel
1589 1949 1640 2018 ita
1658 1953 1696 2017 ut
1718 1972 1781 2018 no·

452 2055 538 2122 tioni
550 2053 707 2142 generali
726 2055 769 2121 de
785 2076 846 2144 spe
861 2077 964 2144 quam
982 2054 1158 2146 pharisaei
1174 2054 1307 2123 habent
1321 2054 1396 2124 scil.
1413 2055 1674 2123 instaurationis
1692 2077 1780 2123 mes-

450 2162 568 2227 siauae
590 2159 740 2227 addatur
764 2159 975 2249 particulare
996 2160 1144 2229 alterum
1166 2160 1210 2229 de
1233 2160 1484 2229 resurrectione
1508 2159 1569 2251 (cl.
1599 2160 1712 2251 soah
1736 2159 1780 2228 de

451 2289 511 2358 spe
531 2265 786 2334 resurrectionis
812 2266 980 2357 praebent
1007 2267 1181 2335 versiones
1199 2289 1267 2356 syr.
1290 2274 1325 2335 et
1343 2266 1473 2358 philox.
1498 2269 1583 2335 Cum
1604 2266 1780 2358 apostolus

452 2395 514 2463 per
527 2372 778 2463 apparitionem
794 2376 867 2441 lesu
882 2372 944 2465 qui
967 2396 1008 2441 ex
1032 2373 1178 2443 mortuis
1197 2375 1382 2443 resurrexit
1399 2395 1435 2442 se
1456 2372 1594 2442 dixisset
1618 2380 1779 2442 vocatum

452 2479 496 2546 ad
505 2478 774 2568 praedicandum
793 2480 954 2567 gentibus
967 2480 1205 2569 evangelium,
1222 2502 1303 2549 vere
1316 2479 1429 2548 dicere
1440 2479 1554 2571 potuit
1568 2480 1664 2569 quod
1677 2478 1776 2548 dixit.

451 2585 560 2653 Cardo
580 2585 675 2653 enim
696 2585 905 2676 quaestionis
925 2607 1031 2677 quam
1055 2585 1173 2654 ludaei
1190 2586 1360 2655 discutere
1382 2584 1576 2669 debebant,
1599 2592 1674 2654 erat
1695 2609 1704 2651 ε
1726 2607 1779 2654 re·

449 2691 640 2760 surrexitne
657 2697 759 2760 lesus.
777 2696 844 2759 Hae
858 2692 1058 2783 quaestione
1071 2690 1245 2761 affirmata
1257 2714 1360 2760 eausa
1374 2691 1471 2761 Pauli
1486 2696 1561 2759 erat
1573 2691 1776 2760 iustissima.

496 2801 542 2864 Ea
567 2799 682 2888 itaquo
705 2798 741 2865 in
765 2820 882 2866 rerum
903 2794 1104 2867 conditione
1121 2798 1248 2869 Paulus
1270 2798 1370 2867 valde
1393 2798 1597 2889 prudenter,
1622 2805 1660 2867 ut
1688 2798 1780 2889 ipsos

451 2902 664 2992 synedristas
676 2903 769 2970 inter
782 2926 817 2971 se
833 2903 1081 2989 committeret,
1105 2904 1343 2996 quaestionem
1357 2927 1398 2972 eo
1413 2904 1518 2973 modo
1534 2904 1692 2973 definivit
1707 2928 1741 2973 v.
1758 2912 1779 2972 7

452 3022 485 3077 et
500 3032 577 3077 curn
594 3007 676 3076 haec
692 3009 845 3096 dixisset,
856 3010 957 3100 facto
971 3021 1020 3077 est
1033 3009 1197 3078 dissensio
1213 3009 1303 3078 inter
1308 3009 1510 3102 pharisaeos
1521 3023 1555 3078 et
1568 3009 1780 3078 sadducaeos

452 3127 484 3182 et
502 3115 616 3182 solerte
631 3128 681 3182 est
695 3114 882 3183 nazvleitudo
898 3123 1018 3206 ἐσχίσθη
1031 3116 1143 3185 divisa
1158 3124 1210 3185 est
1238 3116 1421 3185 multitudo
1435 3116 1592 3206 synedrii
1617 3117 1660 3185 ct.
1681 3122 1778 3199 Ηώς

450 3223 599 3289 schisma
613 3223 742 3288 lactum
760 3228 812 3289 est
825 3222 916 3289 inter
931 3243 1115 3291 assessores
1134 3245 1168 3290 v.
1194 3228 1215 3291 8
1238 3220 1427 3290 sadducaei
1447 3222 1541 3291 enim
1568 3223 1690 3291 dicunt
1709 3245 1777 3291 non

452 3350 519 3394 esse
537 3326 818 3394 resurrectionem
828 3350 939 3418 neque
950 3328 1116 3419 anpelum
1136 3350 1248 3420 neque
1264 3327 1425 3420 spiritum
1433 3349 1448 3414 ,·
1460 3327 1642 3420 pharisaei
1662 3340 1778 3396 autem

452 3446 596 3524 utraque
618 3434 844 3528 corafiteutur;
868 3464 884 3496 a
901 3433 999 3525 atqui
1018 3433 1085 3501 tria
1109 3442 1205 3515 sunt;
1225 3457 1288 3503 cur
1307 3454 1392 3522 ergo
1414 3434 1501 3502 dicit
1524 3438 1702 3524 ἀμᾳὲτεραῖ
1723 3435 1779 3503 vel

452 3538 546 3630 quod
571 3540 710 3629 spiritus
724 3546 757 3608 ct
783 3540 928 3629 angelus
954 3561 1062 3608 unum
1080 3546 1185 3625 sunt,·
1198 3540 1254 3608 vel
1272 3539 1355 3633 quia
1373 3540 1477 3610 dictio
1498 3540 1561 3609 illa
1578 3562 1651 3608 non
1664 3540 1779 3608 solum

452 3646 494 3713 de
524 3645 676 3730 duobus,
705 3646 895 3714 sedetiam
924 3645 967 3715 de
994 3646 1105 3714 tribus
1124 3646 1293 3738 accipitur
1318 3675 1335 3709 »
1367 3646 1463 3736 (Chr.
1491 3647 1602 3737 Oec.);
1633 3653 1780 3738 utraque

451 3753 474 3819 i.
500 3774 530 3820 e.
560 3753 847 3821 resurrectionem
873 3758 906 3820 et
927 3752 1136 3821 substantias
1167 3752 1364 3844 spirituales
1395 3753 1618 3822 confitentur.
1652 3752 1783 3821 Saddu-

452 3858 525 3926 caci
558 3863 687 3946 negant
718 3860 852 3927 animas
885 3881 1107 3951 permanere,
1138 3859 1262 3929 docent
1289 3880 1348 3928 eas
1376 3859 1482 3928 simul
1526 3882 1605 3927 cum
1636 3882 1782 3950 corpore

452 3973 650 4051 συναφανίζειν
679 3964 820 4033 interire
855 3965 954 4055 (Bell.
985 3965 1059 4034 iud.
1086 3971 1216 4049 2,8‚1b.
1244 3964 1361 4055 Anliq.
1396 3970 1530 4050 18‚1‚b;
1566 3965 1610 4033 cl.
1646 3971 1780 4048 13,5,9;

454 4071 625 4159 13‚o‚1o);
640 4078 791 4139 ceterum
810 4070 890 4139 vide
909 4071 954 4140 ad
974 4073 1090 4142 llatth.
1109 4078 1226 4157 Μ.
1242 4076 1316 4140 Iam
1335 4070 1543 4140 describitur
1559 4070 1620 4140 illa
1635 4077 1736 4154 στάσις
1751 4078 1785 4141 et

451 4177 541 4245 illud
562 4185 612 4246 καὶ
636 4184 755 4266 ἐσχίσθη
776 4200 809 4245 v.
829 4184 848 4244 9
870 4179 986 4268 sactus
1013 4189 1063 4246 est
1085 4191 1202 4247 autem
1223 4178 1354 4247 clamor
1374 4199 1528 4268 mopsus
1548 4191 1583 4245 et
1602 4190 1783 4269 strepentes

452 4283 594 4375 qtcidam
604 4284 879 4375 pharisoeorum,
901 4284 1046 4376 quidam
1069 4284 1256 4354 describis
1277 4286 1386 4376 partis
1398 4283 1663 4375 pharisaeorum
1690 4284 1780 4376 (gig)

447 4389 658 4481 provocabant
673 4390 824 4459 dicentes
839 4412 853 4459 .·
863 4388 956 4459 nidi!
968 4389 1056 4459 mali
1065 4390 1256 4460 invenimus
1270 4392 1307 4459 in
1321 4390 1458 4459 domine
1470 4392 1555 4477 isto;
1567 4389 1656 4483 quid
1666 4390 1699 4458 si
1710 4390 1781 4483 spi·

453 4496 543 4564 ritus
558 4496 690 4566 locutus
706 4509 754 4566 est
766 4497 801 4566 ei
817 4510 881 4566 aut
893 4498 1064 4589 capetus?
1084 4499 1158 4566 sine
1179 4496 1338 4589 epodosi‚
1355 4520 1445 4589 quae
1465 4497 1648 4567 reticentia
1661 4496 1780 4566 reddit

453 4604 641 4671 orationem
663 4605 773 4673 multo
792 4605 1000 4673 vivaciorem
1025 4603 1167 4696 (Patr.);
1193 4604 1415 4693 interrogent
1435 4604 1510 4674 scil.
1538 4604 1777 4673 sadducaeos:

453 4732 538 4780 num
553 4709 589 4777 id
603 4709 814 4802 impossibile
829 4715 891 4797 est,
908 4710 1154 4781 contendentes
1166 4717 1289 4780 contra
1300 4732 1359 4780 eos
1370 4710 1407 4779 id
1423 4711 1527 4804 plane
1541 4710 1618 4780 fieri
1631 4732 1729 4802 posse
1745 4715 1779 4778 et

1044 4913 1053 4933 ·
1118 4909 1132 4946 o
