4054 5442
609 189 627 222 θ

1027 336 1097 382 nor.
1121 319 1281 391 aunam.
1751 324 1807 383 tot

487 473 626 542 deretur
639 473 729 542 ratio
747 472 810 539 illa
830 493 872 539 es
889 491 1026 537 summo
1049 468 1140 535 vitae
1158 467 1358 536 discrimine
1376 468 1468 558 quod
1486 468 1587 538 aliter
1607 471 1715 538 averti
1739 493 1806 539 non

487 581 609 672 potuit.
628 582 672 646 Et
687 578 755 646 tale
772 576 916 666 requiri,
939 576 1009 642 iam
1024 574 1209 642 ostendunt
1224 575 1302 643 cnr.
1331 577 1407 643 Oec.
1428 572 1572 665 Theopb.
1595 576 1655 665 qui
1669 577 1758 644 illud
1772 577 1809 645 in

487 686 715 776 explicatione
729 682 894 773 supplent
912 702 920 748 :
937 704 1008 749 non
1028 680 1127 771 qnasi
1151 681 1300 749 habeam
1313 680 1356 749 de
1372 704 1440 771 qno
1460 689 1598 767 gentem
1617 704 1730 750 meam
1749 706 1806 752 ae-

486 813 618 873 cnsem,
634 788 696 856 sed
711 796 750 856 ut
764 788 960 878 periculum
979 788 1172 874 effugerem
1190 786 1280 876 (sim.
1300 791 1393 855 Patr.
1425 788 1541 877 Pela).

532 895 586 964 Uti
608 895 718 983 igitur
739 895 876 963 ludaeis
899 915 1038 963 omnem
1065 895 1299 984 suspicionem
1327 894 1488 962 eximeret
1507 916 1632 984 eosque
1656 895 1699 962 de
1726 918 1807 963 vera

487 1023 602 1071 rerum
622 1002 825 1070 conditione
840 1002 1018 1082 edoceret,
1040 1001 1069 1068 si
1088 1002 1175 1069 forte
1189 1001 1261 1068 iam
1276 999 1415 1067 aliunde
1434 1007 1552 1068 contra
1570 1001 1682 1091 ipsum
1697 1009 1808 1069 essent

487 1109 749 1200 praeoccupati,
766 1131 825 1177 eos
843 1108 890 1176 ad
912 1129 949 1174 se
962 1108 1100 1174 vocavit
1114 1131 1147 1174 v.
1164 1112 1208 1173 20
1225 1118 1368 1197 propter
1381 1105 1469 1173 banc
1484 1107 1589 1197 initui·
1603 1129 1741 1175 consum
1755 1130 1808 1175 ro·

485 1215 569 1306 poni
579 1238 637 1283 uos
648 1214 766 1283 cidere
778 1227 812 1282 et
825 1213 984 1303 alloqui;
997 1235 1112 1304 neque
1128 1215 1222 1280 enim
1235 1219 1274 1280 ut
1287 1214 1390 1280 homo
1406 1212 1613 1281 facinorosus
1625 1222 1685 1282 ant
1696 1213 1811 1282 rebel·

488 1322 529 1390 lis
549 1324 684 1390 vinctus
706 1342 799 1403 sum,
823 1319 883 1388 sed
905 1318 1002 1412 quod
1024 1327 1137 1387 vestra
1156 1321 1310 1386 omnium
1333 1321 1478 1387 maxime
1495 1320 1653 1388 interesse
1677 1320 1808 1389 debet:

485 1440 733 1519 propterspem
756 1427 851 1495 enim
876 1426 983 1494 [srael
1003 1437 1127 1493 cateno
1140 1424 1205 1493 boc
1229 1425 1461 1493 circumdatus
1478 1448 1564 1513 sicin,
1587 1448 1666 1494 vere
1687 1427 1752 1495 hac
1766 1427 1809 1495 de

488 1555 593 1603 cansa
622 1533 801 1602 detentum
828 1555 883 1601 mc
907 1536 944 1599 in
966 1553 1141 1600 carcerem
1169 1531 1403 1607 detruserunt.
1427 1532 1522 1623 quod
1547 1532 1705 1624 praedico
1729 1539 1810 1603 lles-

488 1641 590 1723 siam,
612 1661 709 1731 spem
727 1640 847 1722 lsrael,
865 1641 998 1706 venisse
1019 1639 1118 1729 (Lep.
1139 1638 1249 1707 Calm.
1269 1639 1359 1706 Beel.
1375 1641 1470 1706 Patr.
1491 1639 1576 1706 Felt.
1602 1639 1679 1727 tlt).
1698 1639 1810 1708 Cavil-

488 1747 580 1815 latur
596 1745 692 1836 Hilp.
712 1745 756 1812 de
772 1772 789 1807 «
808 1749 932 1812 catena
946 1745 1014 1812 hac
1033 1772 1064 1822 a,
1082 1767 1153 1835 qua
1165 1751 1281 1812 tamen
1296 1745 1531 1827 e122,30iam
1546 1744 1751 1813 diusolutus
1768 1746 1813 1814 sit

489 1860 524 1921 et
549 1873 655 1944 quam
678 1852 772 1920 solus
792 1858 915 1918 auctor
938 1851 982 1918 ad
1008 1850 1237 1941 Theophilum
1259 1852 1291 1918 ei
1317 1850 1451 1939 alliget;
1478 1852 1529 1917 vir
1554 1856 1672 1919 acutus
1698 1860 1812 1920 nmen

489 1958 646 2047 agnoscit
659 1981 692 2027 v.
706 1964 747 2027 16
758 1981 766 2041 ;
779 1979 865 2045 ergo
878 1956 1004 2027 Paulus
1014 1979 1132 2025 revera
1139 1957 1231 2044 gerit
1242 1964 1397 2025 eatennm
1409 1965 1443 2025 et
1452 1958 1571 2025 ineam
1582 1957 1814 2026 conditionem

490 2065 602 2133 solum
627 2062 767 2132 devenit
788 2063 873 2154 quia
899 2063 1114 2154 praedicavit
1137 2067 1248 2130 lesum
1275 2085 1345 2131 esse
1369 2064 1554 2146 Christum,
1579 2086 1610 2130 v.
1635 2070 1673 2130 at
1701 2064 1814 2132 atilli

490 2169 653 2238 dixeram!
667 2168 716 2237 ud
728 2191 805 2237 cum
820 2191 833 2235 .·
853 2191 915 2237 nos
929 2192 1042 2260 neque
1058 2169 1190 2237 litteras
1204 2170 1396 2260 accepimus
1409 2168 1451 2237 de
1468 2181 1532 2237 teu
1547 2168 1686 2254 leuciaco,
1702 2193 1813 2261 neque

489 2274 675 2345 adueniens
687 2274 819 2368 aliquis
829 2280 988 2369 fraterna
1002 2275 1179 2343 attritioni!
1189 2288 1251 2343 arce
1265 2276 1396 2345 loentus
1406 2290 1455 2345 cst
1464 2275 1553 2366 quid
1564 2276 1606 2344 (le
1620 2290 1653 2344 te
1663 2277 1813 2360 rientem

490 2383 585 2473 quod
604 2383 643 2450 hi
657 2383 794 2467 dicunt,
811 2382 989 2473 responsio
1001 2382 1108 2450 estad
1124 2405 1164 2450 ea
1181 2404 1270 2472 quae
1283 2382 1406 2451 Paulus
1420 2383 1465 2451 ad
1480 2404 1551 2451 rem
1568 2383 1812 2451 declarandam

490 2496 706 2580 exposuerat.
733 2490 835 2557 Proin
859 2488 1040 2578 responsio
1063 2488 1108 2555 ad
1131 2488 1205 2555 sola
1233 2510 1275 2555 ea
1304 2490 1448 2556 retertur
1472 2488 1496 2557 i.
1522 2512 1552 2557 c.
1575 2489 1748 2557 affirmant
1769 2489 1811 2557 de

491 2618 592 2664 eausa
606 2596 662 2662 vel
675 2594 895 2663 accusatione
915 2595 1010 2662 Pauli
1029 2594 1162 2662 litteras
1180 2616 1201 2661 a
1220 2594 1380 2683 synedrio
1394 2595 1438 2662 ad
1454 2618 1489 2663 se
1506 2618 1575 2663 non
1594 2619 1664 2664 esse
1682 2595 1815 2666 delatas

491 2724 604 2792 neque
621 2701 777 2792 aliquem
803 2700 970 2769 Iudaeum
991 2701 1036 2768 ab
1064 2700 1307 2789 Hierosolymis
1327 2703 1387 2786 (uti
1408 2702 1517 2769 versio
1540 2703 1672 2788 syriaca
1693 2709 1728 2771 et
1751 2705 1814 2791 gig

492 2815 585 2876 reete
601 2808 779 2899 supplent)
796 2807 976 2876 advenisse
994 2808 1056 2898 qui
1075 2831 1116 2874 ea
1134 2808 1178 2876 de
1193 2810 1407 2876 accusatione
1423 2815 1483 2874 ant
1503 2809 1660 2876 nuntium
1681 2810 1812 2876 attulis-

491 2922 543 2983 set
563 2921 623 2981 ant
644 2913 688 2982 de
710 2913 816 2981 Paulo
838 2913 1032 3004 quidquam
1052 2914 1135 2991 muli
1156 2913 1306 2981 dixisset.
1337 2914 1372 2980 ld
1388 2936 1468 2981 sane
1486 2915 1660 2982 affirmant
1677 2915 1811 2983 veritati

491 3041 690 3089 consonum.
716 3024 802 3087 Nam
825 3041 889 3086 cur
912 3018 1127 3107 synedristae
1156 3026 1236 3087 ante
1260 3020 1354 3087 Pauli
1382 3020 1646 3110 appellationem
1674 3043 1812 3089 causum

492 3126 743 3218 perscriberent
755 3149 816 3194 seu
834 3127 1036 3193 nuntiarent
1047 3131 1208 3206 Romam,
1227 3149 1296 3193 non
1314 3135 1402 3208 erat3
1421 3149 1530 3218 neque
1549 3136 1638 3206 crat,
1655 3149 1717 3194 cur
1731 3129 1811 3195 mit·

493 3240 619 3314 terent,
641 3238 830 3322 antequam
852 3232 981 3299 scirent
995 3254 1079 3299 num
1098 3254 1219 3299 rcvcra
1242 3232 1472 3323 appellatione
1494 3234 1641 3301 admissa
1656 3256 1697 3301 eo
1714 3236 1818 3324 proh·

494 3339 689 3408 uinceretur.
704 3343 891 3427 Postquam
908 3346 1024 3406 autern
1048 3338 1173 3406 Paulus
1189 3338 1308 3407 missus
1321 3347 1385 3411 est.
1403 3339 1447 3407 ob
1463 3340 1649 3427 navigandi
1670 3340 1817 3409 ‹tuncn-

494 3452 599 3514 tatem
623 3446 678 3512 vix
702 3446 752 3512 rei
779 3445 896 3512 adhuc
922 3451 1057 3533 tempus
1079 3446 1208 3521 tuerat:
1236 3446 1324 3512 nihil
1345 3454 1457 3513 autem
1480 3447 1606 3525 obstat,
1635 3447 1818 3536 quominus

495 3555 611 3641 postea
625 3550 682 3619 vel
695 3550 842 3642 epistola
856 3550 909 3618 vel
924 3552 1065 3618 nuntius
1078 3551 1210 3618 venerit
1231 3552 1326 3640 lm)-
1342 3556 1413 3618 Non
1428 3561 1557 3640 negant
1570 3576 1606 3619 se
1620 3552 1810 3644 quidquam

495 3659 538 3726 de
562 3656 622 3725 illo
642 3657 833 3737 audivisse,
859 3657 953 3747 quod
979 3659 1119 3724 sortasse
1147 3680 1226 3725 vcro
1252 3680 1377 3745 negare
1401 3681 1471 3725 non
1498 3668 1666 3747 poterant,
1693 3670 1729 3726 nt
1763 3661 1815 3729 nl.

495 3764 650 3833 adnotat.
669 3768 780 3842 Quare
797 3765 972 3830 immerito
983 3764 1029 3829 ab
1045 3763 1222 3854 aliquibus
1237 3764 1320 3831 tides
1336 3765 1540 3833 narrationis
1559 3766 1594 3833 in
1609 3765 1752 3835 dubium
1767 3776 1814 3835 est

497 3876 629 3938 vocata.

539 3981 659 4063 Magna
688 3975 841 4065 quadarn
872 3977 1050 4058 cautione,
1079 3976 1150 4043 imo
1176 3976 1292 4043 animo
1321 3976 1447 4063 frigido
1484 3978 1669 4069 loquuntur
1701 3979 1744 4046 de
1776 4001 1812 4047 re

496 4083 686 4151 christiana
711 4104 745 4149 v,
775 4089 820 4149 22
844 4105 1009 4173 roqonncs
1033 4096 1150 4150 aretem
1177 4086 1315 4165 ἁξιεῡμεν
1335 4092 1597 4152 consentaneum
1625 4086 1816 4154 iudicamus

499 4189 556 4279 (cl.
573 4193 688 4278 1538)
699 4211 721 4255 α
731 4187 896 4257 tearcdire
911 4211 1001 4281 qnae
1015 4190 1131 4277 sentis,
1150 4190 1224 4257 scil.
1243 4189 1286 4257 de
1297 4212 1356 4280 spe
1370 4189 1470 4259 lsrael
1483 4191 1529 4257 ob
1543 4213 1647 4279 quam
1660 4201 1816 4260 munem

498 4304 598 4385 gerat
611 4318 645 4364 v.
660 4303 720 4377 203
738 4317 821 4363 nam
834 4294 877 4362 dc
890 4307 983 4364 secta
998 4297 1061 4363 lice
1077 4309 1196 4364 ›rotrnn
1217 4309 1265 4363 est
1280 4297 1377 4365 notis
1390 4297 1474 4387 qnia
1496 4298 1620 4387 ntique
1634 4298 1667 4365 ei
1680 4311 1818 4365 contra-

498 4401 647 4489 dicitur;
661 4401 767 4492 primi
786 4402 1011 4482 ludaeorum,
1030 4404 1193 4493 praelecti
1212 4425 1466 4491 synagogarum
1492 4403 1814 4494 loquuntrrr310nge

500 4510 612 4578 maior
624 4530 704 4599 pars
711 4508 869 4576 tidelium
885 4531 1109 4577 romanorum
1123 4511 1337 4595 exgentibus
1350 4510 1489 4599 erat(cl.
1503 4515 1596 4579 ltorn
1612 4517 1745 4600 1,5scq.
1763 4520 1816 4589 13:

500 4621 735 4700 o,1·1;11,1n;
754 4621 965 4705 15‚1tseq.;
983 4615 1061 4683 vide
1077 4615 1235 4705 Cornelp,
1254 4621 1440 4684 comment.
1460 4639 1514 4707 ep.
1531 4617 1575 4684 ad
1588 4622 1684 4686 Rom.
1707 4639 1741 4707 p.
1760 4617 1814 4704 8);

500 4745 608 4814 qnare
622 4744 680 4790 eos
694 4743 713 4790 a
733 4742 913 4811 synagoga
920 4729 954 4789 et
969 4720 1111 4812 publica
1126 4722 1328 4791 ludaeorum
1342 4723 1544 4791 auctoritate
1558 4723 1654 4814 qnasi
1665 4724 1819 4813 ignorari
