<?xml version="1.0" encoding="UTF-8"?>
<!DOCTYPE html PUBLIC "-//W3C//DTD XHTML 1.0 Transitional//EN"
    "http://www.w3.org/TR/xhtml1/DTD/xhtml1-transitional.dtd">
<html xmlns="http://www.w3.org/1999/xhtml" xml:lang="en" lang="en">
 <head>
  <title>
</title>
<meta http-equiv="Content-Type" content="text/html;charset=utf-8" />
  <meta name='ocr-system' content='tesseract 3.04.00' />
  <meta name='ocr-capabilities' content='ocr_page ocr_carea ocr_par ocr_line ocrx_word'/>
</head>
<body>
  <div class='ocr_page' id='page_1' title='image "./commentariusina00knabgoog/commentariusina00knabgoog_0257.png"; bbox 0 0 4092 5490; ppageno 0'>
   <div class='ocr_carea' id='block_1_1' title="bbox 257 321 1044 391">
    <p class='ocr_par' dir='ltr' id='par_1_1' title="bbox 257 321 1044 391">
     <span class='ocr_line' id='line_1_1' title="bbox 257 321 1044 391; baseline -0.006 -7"><span class='ocrx_word' id='word_1_1' title='bbox 257 326 319 385; x_wconf 73' lang='lat' dir='ltr'>rat</span> <span class='ocrx_word' id='word_1_2' title='bbox 796 338 863 383; x_wconf 66' lang='lat' dir='ltr'>scr,</span> <span class='ocrx_word' id='word_1_3' title='bbox 885 321 1044 391; x_wconf 59' lang='lat' dir='ltr'>lasau.</span> 
     </span>
    </p>
   </div>
   <div class='ocr_carea' id='block_1_2' title="bbox 256 461 1579 1086">
    <p class='ocr_par' dir='ltr' id='par_1_2' title="bbox 256 461 1579 1086">
     <span class='ocr_line' id='line_1_2' title="bbox 256 461 1577 549; baseline -0.006 -11"><span class='ocrx_word' id='word_1_4' title='bbox 256 470 828 538; x_wconf 71' lang='lat' dir='ltr'>monemessedelemiaeertum</span> <span class='ocrx_word' id='word_1_5' title='bbox 850 474 915 545; x_wconf 56' lang='grc' dir='ltr'>απ</span> <span class='ocrx_word' id='word_1_6' title='bbox 936 461 1259 532; x_wconf 84' lang='lat' dir='ltr'>describitnrenim</span> <span class='ocrx_word' id='word_1_7' title='bbox 1277 470 1535 549; x_wconf 81' lang='lat' dir='ltr'>tamquamrex</span> <span class='ocrx_word' id='word_1_8' title='bbox 1555 487 1577 530; x_wconf 88' lang='lat' dir='ltr'>a</span> 
     </span>
     <span class='ocr_line' id='line_1_3' title="bbox 256 564 1576 667; baseline -0.008 -22"><span class='ocrx_word' id='word_1_9' title='bbox 256 581 325 644; x_wconf 80' lang='lat' dir='ltr'>lieo</span> <span class='ocrx_word' id='word_1_10' title='bbox 341 574 471 644; x_wconf 82' lang='lat' dir='ltr'>eleetos</span> <span class='ocrx_word' id='word_1_11' title='bbox 490 598 596 667; x_wconf 85' lang='lat' dir='ltr'>super</span> <span class='ocrx_word' id='word_1_12' title='bbox 614 576 713 657; x_wconf 87' lang='lat' dir='ltr'>Sion,</span> <span class='ocrx_word' id='word_1_13' title='bbox 729 575 784 641; x_wconf 88' lang='lat' dir='ltr'>cni</span> <span class='ocrx_word' id='word_1_14' title='bbox 804 591 921 638; x_wconf 84' lang='lat' dir='ltr'>omnes</span> <span class='ocrx_word' id='word_1_15' title='bbox 938 574 1059 655; x_wconf 80' lang='lat' dir='ltr'>gentes</span> <span class='ocrx_word' id='word_1_16' title='bbox 1076 573 1112 634; x_wconf 88' lang='lat' dir='ltr'>et</span> <span class='ocrx_word' id='word_1_17' title='bbox 1132 566 1272 633; x_wconf 76' lang='lat' dir='ltr'><strong>termini</strong></span> <span class='ocrx_word' id='word_1_18' title='bbox 1285 572 1399 633; x_wconf 86' lang='lat' dir='ltr'>terrae</span> <span class='ocrx_word' id='word_1_19' title='bbox 1412 564 1576 634; x_wconf 84' lang='lat' dir='ltr'>dantnra</span> 
     </span>
     <span class='ocr_line' id='line_1_4' title="bbox 256 673 1578 772; baseline -0.01 -21"><span class='ocrx_word' id='word_1_20' title='bbox 256 682 401 751; x_wconf 79' lang='lat' dir='ltr'>bomine</span> <span class='ocrx_word' id='word_1_21' title='bbox 422 688 458 750; x_wconf 85' lang='lat' dir='ltr'>et</span> <span class='ocrx_word' id='word_1_22' title='bbox 479 683 540 772; x_wconf 89' lang='lat' dir='ltr'>qni</span> <span class='ocrx_word' id='word_1_23' title='bbox 562 680 721 747; x_wconf 90' lang='lat' dir='ltr'>inimicos</span> <span class='ocrx_word' id='word_1_24' title='bbox 737 698 817 743; x_wconf 88' lang='lat' dir='ltr'>suos</span> <span class='ocrx_word' id='word_1_25' title='bbox 834 680 1003 755; x_wconf 85' lang='lat' dir='ltr'>conteret,</span> <span class='ocrx_word' id='word_1_26' title='bbox 1017 673 1087 740; x_wconf 88' lang='lat' dir='ltr'>anis</span> <span class='ocrx_word' id='word_1_27' title='bbox 1100 676 1217 739; x_wconf 85' lang='lat' dir='ltr'>aulem</span> <span class='ocrx_word' id='word_1_28' title='bbox 1231 674 1292 763; x_wconf 86' lang='lat' dir='ltr'>qni</span> <span class='ocrx_word' id='word_1_29' title='bbox 1304 694 1384 739; x_wconf 86' lang='lat' dir='ltr'>enm</span> <span class='ocrx_word' id='word_1_30' title='bbox 1404 693 1578 738; x_wconf 85' lang='lat' dir='ltr'>veneran-</span> 
     </span>
     <span class='ocr_line' id='line_1_5' title="bbox 256 777 1579 876; baseline -0.011 -19"><span class='ocrx_word' id='word_1_31' title='bbox 256 796 315 857; x_wconf 89' lang='lat' dir='ltr'>tur</span> <span class='ocrx_word' id='word_1_32' title='bbox 327 789 476 857; x_wconf 86' lang='lat' dir='ltr'>salutem</span> <span class='ocrx_word' id='word_1_33' title='bbox 494 783 695 876; x_wconf 83' lang='lat' dir='ltr'>praestabit.</span> <span class='ocrx_word' id='word_1_34' title='bbox 712 787 784 849; x_wconf 83' lang='lat' dir='ltr'>lam</span> <span class='ocrx_word' id='word_1_35' title='bbox 801 781 893 849; x_wconf 86' lang='lat' dir='ltr'>hisce</span> <span class='ocrx_word' id='word_1_36' title='bbox 911 781 1002 848; x_wconf 90' lang='lat' dir='ltr'>notis</span> <span class='ocrx_word' id='word_1_37' title='bbox 1018 778 1149 869; x_wconf 83' lang='lat' dir='ltr'>ubique</span> <span class='ocrx_word' id='word_1_38' title='bbox 1167 777 1263 867; x_wconf 87' lang='lat' dir='ltr'>apud</span> <span class='ocrx_word' id='word_1_39' title='bbox 1284 779 1470 869; x_wconf 82' lang='lat' dir='ltr'>propbetas</span> <span class='ocrx_word' id='word_1_40' title='bbox 1487 800 1579 844; x_wconf 86' lang='lat' dir='ltr'>unus</span> 
     </span>
     <span class='ocr_line' id='line_1_6' title="bbox 256 884 1579 979; baseline -0.011 -15"><span class='ocrx_word' id='word_1_41' title='bbox 256 895 468 965; x_wconf 69' lang='lat' dir='ltr'>describitur</span> <span class='ocrx_word' id='word_1_42' title='bbox 480 897 585 979; x_wconf 81' lang='lat' dir='ltr'>alque</span> <span class='ocrx_word' id='word_1_43' title='bbox 601 888 815 973; x_wconf 71' lang='lat' dir='ltr'>dgnoedtor</span> <span class='ocrx_word' id='word_1_44' title='bbox 826 887 974 971; x_wconf 56' lang='lat' dir='ltr'>lesdam</span> <span class='ocrx_word' id='word_1_45' title='bbox 989 887 1048 955; x_wconf 86' lang='lat' dir='ltr'>hie</span> <span class='ocrx_word' id='word_1_46' title='bbox 1063 884 1259 954; x_wconf 74' lang='lat' dir='ltr'>dedantur</span> <span class='ocrx_word' id='word_1_47' title='bbox 1276 905 1285 951; x_wconf 90' lang='lat'>:</span> <span class='ocrx_word' id='word_1_48' title='bbox 1301 884 1415 951; x_wconf 83' lang='lat' dir='ltr'>Filius</span> <span class='ocrx_word' id='word_1_49' title='bbox 1429 907 1525 952; x_wconf 75' lang='lat' dir='ltr'>meris</span> <span class='ocrx_word' id='word_1_50' title='bbox 1543 907 1579 950; x_wconf 83' lang='lat' dir='ltr'>es</span> 
     </span>
     <span class='ocr_line' id='line_1_7' title="bbox 257 990 1578 1086; baseline -0.008 -19"><span class='ocrx_word' id='word_1_51' title='bbox 257 1012 318 1083; x_wconf 83' lang='lat' dir='ltr'>tu,·</span> <span class='ocrx_word' id='word_1_52' title='bbox 329 1016 481 1086; x_wconf 87' lang='lat' dir='ltr'>eumque</span> <span class='ocrx_word' id='word_1_53' title='bbox 494 1014 567 1061; x_wconf 87' lang='lat' dir='ltr'>esse</span> <span class='ocrx_word' id='word_1_54' title='bbox 578 992 747 1081; x_wconf 71' lang='lat' dir='ltr'>singulari</span> <span class='ocrx_word' id='word_1_55' title='bbox 759 992 906 1077; x_wconf 59' lang='lat' dir='ltr'>atione,</span> <span class='ocrx_word' id='word_1_56' title='bbox 921 994 1080 1085; x_wconf 80' lang='lat' dir='ltr'>proprie,</span> <span class='ocrx_word' id='word_1_57' title='bbox 1096 1014 1138 1060; x_wconf 86' lang='lat' dir='ltr'>oo</span> <span class='ocrx_word' id='word_1_58' title='bbox 1151 990 1255 1059; x_wconf 90' lang='lat' dir='ltr'>modo</span> <span class='ocrx_word' id='word_1_59' title='bbox 1266 1011 1371 1080; x_wconf 83' lang='lat' dir='ltr'>quem</span> <span class='ocrx_word' id='word_1_60' title='bbox 1384 1011 1465 1056; x_wconf 88' lang='lat' dir='ltr'>cum</span> <span class='ocrx_word' id='word_1_61' title='bbox 1476 990 1578 1058; x_wconf 85' lang='lat' dir='ltr'>nullo</span> 
     </span>
    </p>
   </div>
   <div class='ocr_carea' id='block_1_3' title="bbox 257 1093 1581 1616">
    <p class='ocr_par' dir='ltr' id='par_1_3' title="bbox 257 1093 1581 1616">
     <span class='ocr_line' id='line_1_8' title="bbox 257 1093 1580 1190; baseline -0.01 -18"><span class='ocrx_word' id='word_1_62' title='bbox 257 1104 387 1172; x_wconf 82' lang='lat' dir='ltr'>habeat</span> <span class='ocrx_word' id='word_1_63' title='bbox 410 1120 651 1184; x_wconf 90' lang='lat' dir='ltr'>communem,</span> <span class='ocrx_word' id='word_1_64' title='bbox 667 1099 808 1182; x_wconf 78' lang='lat' dir='ltr'>sitium,</span> <span class='ocrx_word' id='word_1_65' title='bbox 828 1099 1018 1190; x_wconf 87' lang='lat' dir='ltr'>explicator</span> <span class='ocrx_word' id='word_1_66' title='bbox 1033 1097 1153 1166; x_wconf 86' lang='lat' dir='ltr'>addito</span> <span class='ocrx_word' id='word_1_67' title='bbox 1178 1120 1188 1166; x_wconf 91' lang='lat'>:</span> <span class='ocrx_word' id='word_1_68' title='bbox 1208 1118 1270 1187; x_wconf 76' lang='lat' dir='ltr'>eqo</span> <span class='ocrx_word' id='word_1_69' title='bbox 1283 1093 1386 1163; x_wconf 80' lang='lat' dir='ltr'>bodie</span> <span class='ocrx_word' id='word_1_70' title='bbox 1402 1096 1513 1184; x_wconf 69' lang='lat' dir='ltr'>ymni</span> <span class='ocrx_word' id='word_1_71' title='bbox 1526 1107 1580 1179; x_wconf 86' lang='lat' dir='ltr'>te,·</span> 
     </span>
     <span class='ocr_line' id='line_1_9' title="bbox 257 1200 1580 1298; baseline -0.008 -21"><span class='ocrx_word' id='word_1_72' title='bbox 257 1208 314 1277; x_wconf 88' lang='lat' dir='ltr'>eui</span> <span class='ocrx_word' id='word_1_73' title='bbox 327 1206 422 1274; x_wconf 89' lang='lat' dir='ltr'>enim</span> <span class='ocrx_word' id='word_1_74' title='bbox 436 1204 524 1274; x_wconf 80' lang='lat' dir='ltr'>dixit</span> <span class='ocrx_word' id='word_1_75' title='bbox 542 1206 731 1298; x_wconf 84' lang='lat' dir='ltr'>aliquando</span> <span class='ocrx_word' id='word_1_76' title='bbox 748 1206 950 1293; x_wconf 78' lang='lat' dir='ltr'>angelorum</span> <span class='ocrx_word' id='word_1_77' title='bbox 968 1204 1025 1272; x_wconf 85' lang='lat' dir='ltr'>vel</span> <span class='ocrx_word' id='word_1_78' title='bbox 1038 1224 1162 1291; x_wconf 73' lang='lat' dir='ltr'>regum</span> <span class='ocrx_word' id='word_1_79' title='bbox 1178 1223 1188 1270; x_wconf 74' lang='grc' dir='ltr'><strong>ε</strong></span> <span class='ocrx_word' id='word_1_80' title='bbox 1206 1224 1273 1290; x_wconf 83' lang='lat' dir='ltr'>ego</span> <span class='ocrx_word' id='word_1_81' title='bbox 1293 1202 1399 1269; x_wconf 89' lang='lat' dir='ltr'>hodie</span> <span class='ocrx_word' id='word_1_82' title='bbox 1416 1200 1523 1288; x_wconf 82' lang='lat' dir='ltr'>genui</span> <span class='ocrx_word' id='word_1_83' title='bbox 1544 1208 1580 1267; x_wconf 88' lang='lat' dir='ltr'>te</span> 
     </span>
     <span class='ocr_line' id='line_1_10' title="bbox 257 1305 1581 1403; baseline -0.007 -22"><span class='ocrx_word' id='word_1_84' title='bbox 257 1312 319 1403; x_wconf 82' lang='lat' dir='ltr'>(ei.</span> <span class='ocrx_word' id='word_1_85' title='bbox 337 1311 441 1382; x_wconf 87' lang='lat' dir='ltr'>liebr.</span> <span class='ocrx_word' id='word_1_86' title='bbox 460 1314 553 1403; x_wconf 74' lang='lat' dir='ltr'>1‚5)t</span> <span class='ocrx_word' id='word_1_87' title='bbox 570 1319 661 1381; x_wconf 89' lang='lat' dir='ltr'>lesus</span> <span class='ocrx_word' id='word_1_88' title='bbox 681 1308 798 1379; x_wconf 84' lang='lat' dir='ltr'>autem</span> <span class='ocrx_word' id='word_1_89' title='bbox 815 1331 897 1377; x_wconf 84' lang='lat' dir='ltr'>voce</span> <span class='ocrx_word' id='word_1_90' title='bbox 913 1307 1056 1377; x_wconf 90' lang='lat' dir='ltr'>coelitus</span> <span class='ocrx_word' id='word_1_91' title='bbox 1069 1307 1213 1398; x_wconf 84' lang='lat' dir='ltr'>delapsa</span> <span class='ocrx_word' id='word_1_92' title='bbox 1225 1313 1262 1375; x_wconf 92' lang='lat' dir='ltr'>et</span> <span class='ocrx_word' id='word_1_93' title='bbox 1275 1307 1473 1375; x_wconf 87' lang='lat' dir='ltr'>testimonio</span> <span class='ocrx_word' id='word_1_94' title='bbox 1488 1305 1581 1373; x_wconf 81' lang='lat' dir='ltr'>divi·</span> 
     </span>
     <span class='ocr_line' id='line_1_11' title="bbox 257 1412 1580 1509; baseline -0.008 -21"><span class='ocrx_word' id='word_1_95' title='bbox 257 1419 351 1488; x_wconf 92' lang='lat' dir='ltr'>nitus</span> <span class='ocrx_word' id='word_1_96' title='bbox 364 1418 591 1509; x_wconf 82' lang='lat' dir='ltr'>comprobato</span> <span class='ocrx_word' id='word_1_97' title='bbox 605 1417 799 1485; x_wconf 74' lang='lat' dir='ltr'>deobmtus</span> <span class='ocrx_word' id='word_1_98' title='bbox 809 1422 860 1483; x_wconf 83' lang='lat' dir='ltr'>est</span> <span class='ocrx_word' id='word_1_99' title='bbox 873 1436 972 1484; x_wconf 81' lang='lat' dir='ltr'>verus</span> <span class='ocrx_word' id='word_1_100' title='bbox 987 1414 1048 1483; x_wconf 82' lang='lat' dir='ltr'>ilci</span> <span class='ocrx_word' id='word_1_101' title='bbox 1061 1413 1181 1499; x_wconf 80' lang='lat' dir='ltr'>Filios,</span> <span class='ocrx_word' id='word_1_102' title='bbox 1196 1413 1298 1504; x_wconf 90' lang='lat' dir='ltr'>proin</span> <span class='ocrx_word' id='word_1_103' title='bbox 1312 1414 1443 1480; x_wconf 71' lang='lat' dir='ltr'>lessies</span> <span class='ocrx_word' id='word_1_104' title='bbox 1460 1412 1580 1502; x_wconf 81' lang='lat' dir='ltr'>palam</span> 
     </span>
     <span class='ocr_line' id='line_1_12' title="bbox 257 1524 531 1616; baseline -0.015 -23"><span class='ocrx_word' id='word_1_105' title='bbox 257 1533 308 1593; x_wconf 84' lang='lat' dir='ltr'>est</span> <span class='ocrx_word' id='word_1_106' title='bbox 321 1524 531 1616; x_wconf 90' lang='lat' dir='ltr'>propositus.</span> 
     </span>
    </p>
   </div>
   <div class='ocr_carea' id='block_1_4' title="bbox 228 1711 1582 3732">
    <p class='ocr_par' dir='ltr' id='par_1_4' title="bbox 228 1711 1582 3732">
     <span class='ocr_line' id='line_1_13' title="bbox 298 1711 1578 1795; baseline -0.006 -16"><span class='ocrx_word' id='word_1_107' title='bbox 298 1716 379 1780; x_wconf 88' lang='lat' dir='ltr'>illud</span> <span class='ocrx_word' id='word_1_108' title='bbox 400 1714 558 1787; x_wconf 70' lang='grc' dir='ltr'>ἀναστήσας</span> <span class='ocrx_word' id='word_1_109' title='bbox 577 1715 618 1777; x_wconf 94' lang='lat' dir='ltr'>de</span> <span class='ocrx_word' id='word_1_110' title='bbox 637 1716 871 1779; x_wconf 85' lang='lat' dir='ltr'>resurreetione</span> <span class='ocrx_word' id='word_1_111' title='bbox 891 1715 1057 1795; x_wconf 83' lang='lat' dir='ltr'>accipiunt</span> <span class='ocrx_word' id='word_1_112' title='bbox 1074 1714 1129 1790; x_wconf 85' lang='lat' dir='ltr'>(ci.</span> <span class='ocrx_word' id='word_1_113' title='bbox 1144 1711 1245 1775; x_wconf 79' lang='lat' dir='ltr'>Satn.</span> <span class='ocrx_word' id='word_1_114' title='bbox 1265 1713 1347 1794; x_wconf 84' lang='lat' dir='ltr'>Lep.</span> <span class='ocrx_word' id='word_1_115' title='bbox 1364 1711 1466 1775; x_wconf 74' lang='lat' dir='ltr'>Calon</span> <span class='ocrx_word' id='word_1_116' title='bbox 1486 1711 1578 1773; x_wconf 81' lang='lat' dir='ltr'>Patr.</span> 
     </span>
     <span class='ocr_line' id='line_1_14' title="bbox 258 1807 1582 1895; baseline -0.006 -18"><span class='ocrx_word' id='word_1_117' title='bbox 258 1811 372 1895; x_wconf 80' lang='lat' dir='ltr'>Feit.);</span> <span class='ocrx_word' id='word_1_118' title='bbox 390 1830 455 1875; x_wconf 89' lang='lat' dir='ltr'>non</span> <span class='ocrx_word' id='word_1_119' title='bbox 473 1813 639 1893; x_wconf 86' lang='lat' dir='ltr'>accipiunt</span> <span class='ocrx_word' id='word_1_120' title='bbox 657 1813 699 1876; x_wconf 89' lang='lat' dir='ltr'>de</span> <span class='ocrx_word' id='word_1_121' title='bbox 716 1814 950 1876; x_wconf 84' lang='lat' dir='ltr'>resurreetione</span> <span class='ocrx_word' id='word_1_122' title='bbox 970 1809 1040 1873; x_wconf 85' lang='lat' dir='ltr'>Coi.</span> <span class='ocrx_word' id='word_1_123' title='bbox 1066 1807 1246 1887; x_wconf 53' lang='lat' dir='ltr'>Gordoam</span> <span class='ocrx_word' id='word_1_124' title='bbox 1262 1808 1364 1888; x_wconf 88' lang='lat' dir='ltr'>Beel.,·</span> <span class='ocrx_word' id='word_1_125' title='bbox 1379 1816 1413 1871; x_wconf 86' lang='lat' dir='ltr'>et</span> <span class='ocrx_word' id='word_1_126' title='bbox 1428 1808 1517 1870; x_wconf 81' lang='lat' dir='ltr'>Beda</span> <span class='ocrx_word' id='word_1_127' title='bbox 1535 1811 1582 1870; x_wconf 90' lang='lat' dir='ltr'>ita</span> 
     </span>
     <span class='ocr_line' id='line_1_15' title="bbox 256 1906 1579 1988; baseline -0.006 -14"><span class='ocrx_word' id='word_1_128' title='bbox 256 1912 377 1974; x_wconf 85' lang='lat' dir='ltr'>babet:</span> <span class='ocrx_word' id='word_1_129' title='bbox 397 1936 413 1967; x_wconf 81' lang='grc' dir='ltr'>τ</span> <span class='ocrx_word' id='word_1_130' title='bbox 429 1911 530 1973; x_wconf 79' lang='lat' dir='ltr'>filius</span> <span class='ocrx_word' id='word_1_131' title='bbox 546 1927 638 1973; x_wconf 89' lang='lat' dir='ltr'>meus</span> <span class='ocrx_word' id='word_1_132' title='bbox 651 1929 685 1972; x_wconf 94' lang='lat' dir='ltr'>es</span> <span class='ocrx_word' id='word_1_133' title='bbox 700 1916 738 1972; x_wconf 89' lang='lat' dir='ltr'>tu</span> <span class='ocrx_word' id='word_1_134' title='bbox 749 1915 825 1985; x_wconf 89' lang='lat' dir='ltr'>etc.;</span> <span class='ocrx_word' id='word_1_135' title='bbox 840 1927 905 1971; x_wconf 90' lang='lat' dir='ltr'>non</span> <span class='ocrx_word' id='word_1_136' title='bbox 917 1914 968 1971; x_wconf 91' lang='lat' dir='ltr'>est</span> <span class='ocrx_word' id='word_1_137' title='bbox 980 1908 1165 1988; x_wconf 89' lang='lat' dir='ltr'>putandum</span> <span class='ocrx_word' id='word_1_138' title='bbox 1180 1907 1243 1969; x_wconf 89' lang='lat' dir='ltr'>hoc</span> <span class='ocrx_word' id='word_1_139' title='bbox 1256 1906 1442 1987; x_wconf 91' lang='lat' dir='ltr'>exemplum</span> <span class='ocrx_word' id='word_1_140' title='bbox 1460 1907 1579 1985; x_wconf 90' lang='lat' dir='ltr'>psalmi</span> 
     </span>
     <span class='ocr_line' id='line_1_16' title="bbox 256 2004 1581 2085; baseline -0.004 -16"><span class='ocrx_word' id='word_1_141' title='bbox 256 2007 297 2069; x_wconf 88' lang='lat' dir='ltr'>ad</span> <span class='ocrx_word' id='word_1_142' title='bbox 312 2008 584 2070; x_wconf 77' lang='lat' dir='ltr'>resurrectionem</span> <span class='ocrx_word' id='word_1_143' title='bbox 594 2006 721 2081; x_wconf 76' lang='lat' dir='ltr'>(inisti,</span> <span class='ocrx_word' id='word_1_144' title='bbox 732 2005 789 2067; x_wconf 94' lang='lat' dir='ltr'>sed</span> <span class='ocrx_word' id='word_1_145' title='bbox 800 2005 839 2067; x_wconf 89' lang='lat' dir='ltr'>ad</span> <span class='ocrx_word' id='word_1_146' title='bbox 850 2005 953 2085; x_wconf 87' lang='lat' dir='ltr'>ipsam</span> <span class='ocrx_word' id='word_1_147' title='bbox 963 2005 1035 2066; x_wconf 88' lang='lat' dir='ltr'>eins</span> <span class='ocrx_word' id='word_1_148' title='bbox 1047 2004 1302 2067; x_wconf 69' lang='lat' dir='ltr'>incarnationem</span> <span class='ocrx_word' id='word_1_149' title='bbox 1314 2005 1491 2083; x_wconf 89' lang='lat' dir='ltr'>pertinere;</span> <span class='ocrx_word' id='word_1_150' title='bbox 1505 2019 1581 2064; x_wconf 86' lang='lat' dir='ltr'>nam</span> 
     </span>
     <span class='ocr_line' id='line_1_17' title="bbox 258 2101 1581 2184; baseline -0.002 -19"><span class='ocrx_word' id='word_1_151' title='bbox 258 2122 398 2184; x_wconf 83' lang='lat' dir='ltr'>sequens</span> <span class='ocrx_word' id='word_1_152' title='bbox 414 2104 589 2167; x_wconf 79' lang='lat' dir='ltr'>versiculus</span> <span class='ocrx_word' id='word_1_153' title='bbox 603 2103 643 2165; x_wconf 90' lang='lat' dir='ltr'>de</span> <span class='ocrx_word' id='word_1_154' title='bbox 655 2103 885 2165; x_wconf 87' lang='lat' dir='ltr'>resurrectione</span> <span class='ocrx_word' id='word_1_155' title='bbox 899 2101 1163 2165; x_wconf 74' lang='lat' dir='ltr'>manifestissime</span> <span class='ocrx_word' id='word_1_156' title='bbox 1174 2106 1311 2163; x_wconf 81' lang='lat' dir='ltr'>testatur</span> <span class='ocrx_word' id='word_1_157' title='bbox 1325 2120 1360 2177; x_wconf 74' lang='grc' dir='ltr'>»ς</span> <span class='ocrx_word' id='word_1_158' title='bbox 1371 2108 1405 2162; x_wconf 88' lang='lat' dir='ltr'>at</span> <span class='ocrx_word' id='word_1_159' title='bbox 1416 2102 1452 2162; x_wconf 91' lang='lat' dir='ltr'>in</span> <span class='ocrx_word' id='word_1_160' title='bbox 1461 2106 1581 2162; x_wconf 87' lang='lat' dir='ltr'>retrac-</span> 
     </span>
     <span class='ocr_line' id='line_1_18' title="bbox 258 2189 1582 2280; baseline -0.004 -17"><span class='ocrx_word' id='word_1_161' title='bbox 258 2202 393 2263; x_wconf 87' lang='lat' dir='ltr'>tationis</span> <span class='ocrx_word' id='word_1_162' title='bbox 408 2200 492 2262; x_wconf 92' lang='lat' dir='ltr'>libro</span> <span class='ocrx_word' id='word_1_163' title='bbox 508 2200 601 2263; x_wconf 81' lang='lat' dir='ltr'>attert</span> <span class='ocrx_word' id='word_1_164' title='bbox 615 2200 721 2262; x_wconf 85' lang='lat' dir='ltr'>locum</span> <span class='ocrx_word' id='word_1_165' title='bbox 735 2216 774 2262; x_wconf 93' lang='lat' dir='ltr'>ex</span> <span class='ocrx_word' id='word_1_166' title='bbox 785 2199 818 2262; x_wconf 83' lang='lat' dir='ltr'>S.</span> <span class='ocrx_word' id='word_1_167' title='bbox 834 2200 952 2262; x_wconf 81' lang='lat' dir='ltr'>Hilario</span> <span class='ocrx_word' id='word_1_168' title='bbox 966 2216 974 2260; x_wconf 75' lang='grc' dir='ltr'>ε</span> <span class='ocrx_word' id='word_1_169' title='bbox 993 2222 1009 2255; x_wconf 86' lang='grc'><strong>«</strong></span> <span class='ocrx_word' id='word_1_170' title='bbox 1024 2189 1087 2261; x_wconf 83' lang='lat' dir='ltr'>vox</span> <span class='ocrx_word' id='word_1_171' title='bbox 1099 2216 1176 2280; x_wconf 76' lang='lat' dir='ltr'>ergo</span> <span class='ocrx_word' id='word_1_172' title='bbox 1189 2198 1270 2261; x_wconf 88' lang='lat' dir='ltr'>haec</span> <span class='ocrx_word' id='word_1_173' title='bbox 1283 2200 1341 2260; x_wconf 82' lang='lat' dir='ltr'>Dei</span> <span class='ocrx_word' id='word_1_174' title='bbox 1353 2199 1455 2259; x_wconf 86' lang='lat' dir='ltr'>Patn‘s</span> <span class='ocrx_word' id='word_1_175' title='bbox 1469 2215 1582 2259; x_wconf 86' lang='lat' dir='ltr'>secun·</span> 
     </span>
     <span class='ocr_line' id='line_1_19' title="bbox 258 2293 1578 2376; baseline -0.005 -18"><span class='ocrx_word' id='word_1_176' title='bbox 258 2296 337 2358; x_wconf 89' lang='lat' dir='ltr'>dum</span> <span class='ocrx_word' id='word_1_177' title='bbox 356 2297 543 2376; x_wconf 86' lang='lat' dir='ltr'>apostolum</span> <span class='ocrx_word' id='word_1_178' title='bbox 561 2296 595 2357; x_wconf 92' lang='lat' dir='ltr'>in</span> <span class='ocrx_word' id='word_1_179' title='bbox 613 2296 666 2358; x_wconf 90' lang='lat' dir='ltr'>die</span> <span class='ocrx_word' id='word_1_180' title='bbox 684 2296 930 2359; x_wconf 86' lang='lat' dir='ltr'>resurrectionis</span> <span class='ocrx_word' id='word_1_181' title='bbox 950 2296 1075 2359; x_wconf 73' lang='lat' dir='ltr'>exsistit</span> <span class='ocrx_word' id='word_1_182' title='bbox 1093 2295 1326 2375; x_wconf 68' lang='lat' dir='ltr'>».A11qui,uti</span> <span class='ocrx_word' id='word_1_183' title='bbox 1348 2294 1418 2357; x_wconf 84' lang='lat' dir='ltr'>Oce.</span> <span class='ocrx_word' id='word_1_184' title='bbox 1441 2293 1578 2375; x_wconf 77' lang='lat' dir='ltr'>I&#39;teopt.</span> 
     </span>
     <span class='ocr_line' id='line_1_20' title="bbox 258 2389 1579 2475; baseline -0.003 -20"><span class='ocrx_word' id='word_1_185' title='bbox 258 2393 315 2455; x_wconf 91' lang='lat' dir='ltr'>illa</span> <span class='ocrx_word' id='word_1_186' title='bbox 328 2393 428 2455; x_wconf 86' lang='lat' dir='ltr'>verba</span> <span class='ocrx_word' id='word_1_187' title='bbox 440 2393 481 2455; x_wconf 88' lang='lat' dir='ltr'>de</span> <span class='ocrx_word' id='word_1_188' title='bbox 496 2394 718 2456; x_wconf 78' lang='lat' dir='ltr'>incarnatione</span> <span class='ocrx_word' id='word_1_189' title='bbox 734 2397 907 2474; x_wconf 88' lang='lat' dir='ltr'>exponunt,</span> <span class='ocrx_word' id='word_1_190' title='bbox 921 2410 1004 2473; x_wconf 82' lang='lat' dir='ltr'>qnae</span> <span class='ocrx_word' id='word_1_191' title='bbox 1016 2393 1188 2475; x_wconf 80' lang='lat' dir='ltr'>explicatio</span> <span class='ocrx_word' id='word_1_192' title='bbox 1202 2393 1303 2456; x_wconf 88' lang='lat' dir='ltr'>etiam</span> <span class='ocrx_word' id='word_1_193' title='bbox 1316 2393 1476 2472; x_wconf 87' lang='lat' dir='ltr'>reperitur</span> <span class='ocrx_word' id='word_1_194' title='bbox 1493 2389 1579 2470; x_wconf 88' lang='lat' dir='ltr'>apud</span> 
     </span>
     <span class='ocr_line' id='line_1_21' title="bbox 258 2490 1578 2570; baseline -0.003 -17"><span class='ocrx_word' id='word_1_195' title='bbox 258 2490 469 2570; x_wconf 77' lang='lat' dir='ltr'>cyprianum,</span> <span class='ocrx_word' id='word_1_196' title='bbox 497 2492 690 2565; x_wconf 79' lang='lat' dir='ltr'>Eusebium,</span> <span class='ocrx_word' id='word_1_197' title='bbox 714 2490 901 2570; x_wconf 76' lang='lat' dir='ltr'>Gregorium</span> <span class='ocrx_word' id='word_1_198' title='bbox 926 2507 1117 2570; x_wconf 82' lang='lat' dir='ltr'>nyssenum,</span> <span class='ocrx_word' id='word_1_199' title='bbox 1140 2490 1392 2564; x_wconf 70' lang='lat' dir='ltr'>theodoretum,</span> <span class='ocrx_word' id='word_1_200' title='bbox 1419 2490 1578 2559; x_wconf 83' lang='lat' dir='ltr'>Proetum,</span> 
     </span>
     <span class='ocr_line' id='line_1_22' title="bbox 259 2583 1579 2667; baseline -0.003 -18"><span class='ocrx_word' id='word_1_201' title='bbox 259 2587 429 2667; x_wconf 73' lang='lat' dir='ltr'>Eulogium</span> <span class='ocrx_word' id='word_1_202' title='bbox 442 2588 696 2661; x_wconf 87' lang='lat' dir='ltr'>alexandrinum,</span> <span class='ocrx_word' id='word_1_203' title='bbox 712 2587 864 2667; x_wconf 80' lang='lat' dir='ltr'>cyrillum</span> <span class='ocrx_word' id='word_1_204' title='bbox 877 2586 1130 2661; x_wconf 89' lang='lat' dir='ltr'>alexandrinum,</span> <span class='ocrx_word' id='word_1_205' title='bbox 1144 2604 1227 2666; x_wconf 89' lang='lat' dir='ltr'>quos</span> <span class='ocrx_word' id='word_1_206' title='bbox 1240 2587 1313 2648; x_wconf 83' lang='lat' dir='ltr'>vide</span> <span class='ocrx_word' id='word_1_207' title='bbox 1327 2586 1481 2666; x_wconf 76' lang='lat' dir='ltr'>allegatos</span> <span class='ocrx_word' id='word_1_208' title='bbox 1493 2583 1579 2665; x_wconf 91' lang='lat' dir='ltr'>apud</span> 
     </span>
     <span class='ocr_line' id='line_1_23' title="bbox 257 2682 1577 2763; baseline -0.002 -18"><span class='ocrx_word' id='word_1_209' title='bbox 257 2682 349 2745; x_wconf 55' lang='lat' dir='ltr'>Patr,</span> <span class='ocrx_word' id='word_1_210' title='bbox 373 2686 407 2744; x_wconf 88' lang='lat' dir='ltr'>in</span> <span class='ocrx_word' id='word_1_211' title='bbox 434 2684 660 2757; x_wconf 77' lang='lat' dir='ltr'>homimum,</span> <span class='ocrx_word' id='word_1_212' title='bbox 683 2685 738 2763; x_wconf 89' lang='lat' dir='ltr'>qui</span> <span class='ocrx_word' id='word_1_213' title='bbox 758 2683 799 2745; x_wconf 89' lang='lat' dir='ltr'>de</span> <span class='ocrx_word' id='word_1_214' title='bbox 819 2684 871 2747; x_wconf 88' lang='lat' dir='ltr'>his</span> <span class='ocrx_word' id='word_1_215' title='bbox 891 2683 1006 2763; x_wconf 87' lang='lat' dir='ltr'>psalmi</span> <span class='ocrx_word' id='word_1_216' title='bbox 1026 2682 1134 2745; x_wconf 83' lang='lat' dir='ltr'>verbis</span> <span class='ocrx_word' id='word_1_217' title='bbox 1154 2701 1333 2763; x_wconf 84' lang='lat' dir='ltr'>eorumque</span> <span class='ocrx_word' id='word_1_218' title='bbox 1358 2683 1446 2763; x_wconf 89' lang='lat' dir='ltr'>apud</span> <span class='ocrx_word' id='word_1_219' title='bbox 1466 2682 1577 2744; x_wconf 87' lang='lat' dir='ltr'>Patres</span> 
     </span>
     <span class='ocr_line' id='line_1_24' title="bbox 258 2779 1581 2861; baseline -0.002 -20"><span class='ocrx_word' id='word_1_220' title='bbox 258 2780 523 2860; x_wconf 72' lang='lat' dir='ltr'>interpretatione</span> <span class='ocrx_word' id='word_1_221' title='bbox 537 2781 624 2842; x_wconf 84' lang='lat' dir='ltr'>varia</span> <span class='ocrx_word' id='word_1_222' title='bbox 642 2781 746 2843; x_wconf 91' lang='lat' dir='ltr'>multa</span> <span class='ocrx_word' id='word_1_223' title='bbox 758 2781 926 2861; x_wconf 76' lang='lat' dir='ltr'>congessit.</span> <span class='ocrx_word' id='word_1_224' title='bbox 942 2781 1093 2843; x_wconf 78' lang='lat' dir='ltr'>Getarum</span> <span class='ocrx_word' id='word_1_225' title='bbox 1106 2798 1165 2861; x_wconf 90' lang='lat' dir='ltr'>pro</span> <span class='ocrx_word' id='word_1_226' title='bbox 1181 2782 1319 2861; x_wconf 87' lang='lat' dir='ltr'>apostoli</span> <span class='ocrx_word' id='word_1_227' title='bbox 1334 2780 1481 2842; x_wconf 87' lang='lat' dir='ltr'>oratione</span> <span class='ocrx_word' id='word_1_228' title='bbox 1495 2779 1581 2840; x_wconf 86' lang='lat' dir='ltr'>valet</span> 
     </span>
     <span class='ocr_line' id='line_1_25' title="bbox 258 2874 1581 2958; baseline -0.002 -20"><span class='ocrx_word' id='word_1_229' title='bbox 258 2876 345 2957; x_wconf 88' lang='lat' dir='ltr'>quod</span> <span class='ocrx_word' id='word_1_230' title='bbox 365 2874 417 2937; x_wconf 87' lang='lat' dir='ltr'>Bt.</span> <span class='ocrx_word' id='word_1_231' title='bbox 436 2881 528 2939; x_wconf 89' lang='lat' dir='ltr'>notat</span> <span class='ocrx_word' id='word_1_232' title='bbox 549 2892 557 2938; x_wconf 91' lang='lat'><strong>:</strong></span> <span class='ocrx_word' id='word_1_233' title='bbox 578 2878 605 2939; x_wconf 90' lang='lat' dir='ltr'>si</span> <span class='ocrx_word' id='word_1_234' title='bbox 627 2877 702 2957; x_wconf 87' lang='lat' dir='ltr'>quis</span> <span class='ocrx_word' id='word_1_235' title='bbox 724 2876 844 2940; x_wconf 88' lang='lat' dir='ltr'>iustam</span> <span class='ocrx_word' id='word_1_236' title='bbox 864 2878 1176 2958; x_wconf 76' lang='lat' dir='ltr'>argumentationem</span> <span class='ocrx_word' id='word_1_237' title='bbox 1198 2876 1370 2953; x_wconf 79' lang='lat' dir='ltr'>desiderat,</span> <span class='ocrx_word' id='word_1_238' title='bbox 1393 2876 1581 2938; x_wconf 89' lang='lat' dir='ltr'>meminerit</span> 
     </span>
     <span class='ocr_line' id='line_1_26' title="bbox 258 2973 1581 3055; baseline -0.001 -20"><span class='ocrx_word' id='word_1_239' title='bbox 258 2973 442 3036; x_wconf 86' lang='lat' dir='ltr'>adumbrari</span> <span class='ocrx_word' id='word_1_240' title='bbox 455 2978 579 3036; x_wconf 91' lang='lat' dir='ltr'>tantum</span> <span class='ocrx_word' id='word_1_241' title='bbox 593 2973 788 3048; x_wconf 86' lang='lat' dir='ltr'>orationem,</span> <span class='ocrx_word' id='word_1_242' title='bbox 804 2990 899 3055; x_wconf 89' lang='lat' dir='ltr'>quam</span> <span class='ocrx_word' id='word_1_243' title='bbox 917 2974 1019 3038; x_wconf 89' lang='lat' dir='ltr'>multo</span> <span class='ocrx_word' id='word_1_244' title='bbox 1042 2974 1192 3054; x_wconf 88' lang='lat' dir='ltr'>pluribus</span> <span class='ocrx_word' id='word_1_245' title='bbox 1209 2975 1317 3037; x_wconf 84' lang='lat' dir='ltr'>verbis</span> <span class='ocrx_word' id='word_1_246' title='bbox 1336 2974 1452 3036; x_wconf 88' lang='lat' dir='ltr'>Paulus</span> <span class='ocrx_word' id='word_1_247' title='bbox 1466 2973 1581 3036; x_wconf 71' lang='lat' dir='ltr'>dilau-</span> 
     </span>
     <span class='ocr_line' id='line_1_27' title="bbox 258 3069 1581 3151; baseline -0.001 -20"><span class='ocrx_word' id='word_1_248' title='bbox 258 3070 316 3132; x_wconf 80' lang='lat' dir='ltr'>vit.</span> <span class='ocrx_word' id='word_1_249' title='bbox 330 3105 370 3116; x_wconf 96' lang='lat'><em>-</em></span> <span class='ocrx_word' id='word_1_250' title='bbox 383 3072 502 3132; x_wconf 78' lang='lat' dir='ltr'>Notum</span> <span class='ocrx_word' id='word_1_251' title='bbox 513 3076 563 3133; x_wconf 86' lang='lat' dir='ltr'>est</span> <span class='ocrx_word' id='word_1_252' title='bbox 573 3071 652 3133; x_wconf 86' lang='lat' dir='ltr'>haec</span> <span class='ocrx_word' id='word_1_253' title='bbox 665 3069 782 3151; x_wconf 88' lang='lat' dir='ltr'>psalmi</span> <span class='ocrx_word' id='word_1_254' title='bbox 790 3072 886 3133; x_wconf 85' lang='lat' dir='ltr'>verba</span> <span class='ocrx_word' id='word_1_255' title='bbox 898 3070 976 3132; x_wconf 90' lang='lat' dir='ltr'>olim</span> <span class='ocrx_word' id='word_1_256' title='bbox 985 3071 1080 3133; x_wconf 87' lang='lat' dir='ltr'>allata</span> <span class='ocrx_word' id='word_1_257' title='bbox 1090 3088 1161 3133; x_wconf 89' lang='lat' dir='ltr'>esse</span> <span class='ocrx_word' id='word_1_258' title='bbox 1169 3072 1211 3133; x_wconf 89' lang='lat' dir='ltr'>ad</span> <span class='ocrx_word' id='word_1_259' title='bbox 1223 3071 1436 3151; x_wconf 81' lang='lat' dir='ltr'>multiplicem</span> <span class='ocrx_word' id='word_1_260' title='bbox 1448 3086 1581 3133; x_wconf 88' lang='lat' dir='ltr'>sensum</span> 
     </span>
     <span class='ocr_line' id='line_1_28' title="bbox 259 3165 1579 3249; baseline -0.002 -20"><span class='ocrx_word' id='word_1_261' title='bbox 259 3168 434 3231; x_wconf 86' lang='lat' dir='ltr'>litteralem</span> <span class='ocrx_word' id='word_1_262' title='bbox 450 3167 669 3248; x_wconf 69' lang='lat' dir='ltr'>probandum</span> <span class='ocrx_word' id='word_1_263' title='bbox 686 3172 719 3231; x_wconf 87' lang='lat' dir='ltr'>at</span> <span class='ocrx_word' id='word_1_264' title='bbox 733 3168 913 3244; x_wconf 87' lang='lat' dir='ltr'>immerito;</span> <span class='ocrx_word' id='word_1_265' title='bbox 929 3167 969 3230; x_wconf 85' lang='lat' dir='ltr'>de</span> <span class='ocrx_word' id='word_1_266' title='bbox 984 3185 1050 3246; x_wconf 88' lang='lat' dir='ltr'>qua</span> <span class='ocrx_word' id='word_1_267' title='bbox 1068 3185 1102 3230; x_wconf 90' lang='lat' dir='ltr'>re</span> <span class='ocrx_word' id='word_1_268' title='bbox 1124 3168 1198 3231; x_wconf 84' lang='lat' dir='ltr'>ride</span> <span class='ocrx_word' id='word_1_269' title='bbox 1219 3165 1500 3249; x_wconf 77' lang='lat' dir='ltr'>Cornely,1ntrod.</span> <span class='ocrx_word' id='word_1_270' title='bbox 1517 3168 1529 3228; x_wconf 96' lang='lat' dir='ltr'>l</span> <span class='ocrx_word' id='word_1_271' title='bbox 1548 3168 1579 3227; x_wconf 80' lang='grc'>9..</span> 
     </span>
     <span class='ocr_line' id='line_1_29' title="bbox 259 3262 1582 3345; baseline -0.002 -19"><span class='ocrx_word' id='word_1_272' title='bbox 259 3264 311 3326; x_wconf 85' lang='lat' dir='ltr'>ed.</span> <span class='ocrx_word' id='word_1_273' title='bbox 339 3283 371 3344; x_wconf 89' lang='lat' dir='ltr'>p.</span> <span class='ocrx_word' id='word_1_274' title='bbox 393 3266 464 3325; x_wconf 74' lang='lat' dir='ltr'>tiit.</span> <span class='ocrx_word' id='word_1_275' title='bbox 486 3267 546 3326; x_wconf 76' lang='lat' dir='ltr'>sto</span> <span class='ocrx_word' id='word_1_276' title='bbox 566 3264 640 3345; x_wconf 85' lang='lat' dir='ltr'>(ll).</span> <span class='ocrx_word' id='word_1_277' title='bbox 661 3264 805 3327; x_wconf 89' lang='lat' dir='ltr'>Primum</span> <span class='ocrx_word' id='word_1_278' title='bbox 826 3269 859 3327; x_wconf 87' lang='lat' dir='ltr'>et</span> <span class='ocrx_word' id='word_1_279' title='bbox 878 3264 1061 3326; x_wconf 86' lang='lat' dir='ltr'>secundum</span> <span class='ocrx_word' id='word_1_280' title='bbox 1084 3265 1248 3345; x_wconf 90' lang='lat' dir='ltr'>psalmum</span> <span class='ocrx_word' id='word_1_281' title='bbox 1269 3265 1347 3326; x_wconf 90' lang='lat' dir='ltr'>olim</span> <span class='ocrx_word' id='word_1_282' title='bbox 1367 3265 1400 3326; x_wconf 90' lang='lat' dir='ltr'>in</span> <span class='ocrx_word' id='word_1_283' title='bbox 1421 3262 1582 3342; x_wconf 84' lang='lat' dir='ltr'>aliquibus</span> 
     </span>
     <span class='ocr_line' id='line_1_30' title="bbox 259 3358 1579 3444; baseline -0.003 -21"><span class='ocrx_word' id='word_1_284' title='bbox 259 3361 499 3441; x_wconf 79' lang='lat' dir='ltr'>exemplaribus</span> <span class='ocrx_word' id='word_1_285' title='bbox 519 3362 706 3424; x_wconf 87' lang='lat' dir='ltr'>coniunctos</span> <span class='ocrx_word' id='word_1_286' title='bbox 727 3360 841 3433; x_wconf 86' lang='lat' dir='ltr'>luisse,</span> <span class='ocrx_word' id='word_1_287' title='bbox 859 3361 996 3423; x_wconf 80' lang='lat' dir='ltr'>lectione</span> <span class='ocrx_word' id='word_1_288' title='bbox 1016 3361 1117 3423; x_wconf 77' lang='lat' dir='ltr'>illan</span> <span class='ocrx_word' id='word_1_289' title='bbox 1138 3361 1238 3444; x_wconf 74' lang='grc' dir='ltr'>πρώτῳ</span> <span class='ocrx_word' id='word_1_290' title='bbox 1256 3363 1382 3443; x_wconf 82' lang='lat' dir='ltr'>patefit,</span> <span class='ocrx_word' id='word_1_291' title='bbox 1396 3378 1494 3440; x_wconf 88' lang='lat' dir='ltr'>quam</span> <span class='ocrx_word' id='word_1_292' title='bbox 1510 3358 1579 3420; x_wconf 86' lang='lat' dir='ltr'>Oec.</span> 
     </span>
     <span class='ocr_line' id='line_1_31' title="bbox 228 3456 1581 3538; baseline -0.001 -21"><span class='ocrx_word' id='word_1_293' title='bbox 228 3488 242 3517; x_wconf 76' lang='grc' dir='ltr'>σ</span> <span class='ocrx_word' id='word_1_294' title='bbox 259 3475 390 3537; x_wconf 87' lang='lat' dir='ltr'>quoque</span> <span class='ocrx_word' id='word_1_295' title='bbox 405 3457 538 3519; x_wconf 89' lang='lat' dir='ltr'>habent.</span> <span class='ocrx_word' id='word_1_296' title='bbox 559 3457 648 3519; x_wconf 89' lang='lat' dir='ltr'>ldem</span> <span class='ocrx_word' id='word_1_297' title='bbox 668 3461 823 3520; x_wconf 87' lang='lat' dir='ltr'>testantur</span> <span class='ocrx_word' id='word_1_298' title='bbox 842 3457 1011 3538; x_wconf 80' lang='lat' dir='ltr'>Origenes,</span> <span class='ocrx_word' id='word_1_299' title='bbox 1027 3458 1180 3533; x_wconf 89' lang='lat' dir='ltr'>lustinus,</span> <span class='ocrx_word' id='word_1_300' title='bbox 1201 3459 1414 3521; x_wconf 83' lang='lat' dir='ltr'>Tertullianus</span> <span class='ocrx_word' id='word_1_301' title='bbox 1435 3456 1508 3530; x_wconf 88' lang='lat' dir='ltr'>alii,</span> <span class='ocrx_word' id='word_1_302' title='bbox 1524 3457 1581 3535; x_wconf 90' lang='lat' dir='ltr'>qui</span> 
     </span>
     <span class='ocr_line' id='line_1_32' title="bbox 258 3554 1581 3635; baseline -0.002 -19"><span class='ocrx_word' id='word_1_303' title='bbox 258 3555 309 3616; x_wconf 84' lang='lat' dir='ltr'>vel</span> <span class='ocrx_word' id='word_1_304' title='bbox 326 3554 414 3617; x_wconf 86' lang='lat' dir='ltr'>idern</span> <span class='ocrx_word' id='word_1_305' title='bbox 430 3554 613 3635; x_wconf 85' lang='lat' dir='ltr'>perhibent,</span> <span class='ocrx_word' id='word_1_306' title='bbox 630 3555 679 3617; x_wconf 84' lang='lat' dir='ltr'>vel</span> <span class='ocrx_word' id='word_1_307' title='bbox 696 3571 760 3617; x_wconf 91' lang='lat' dir='ltr'>uno</span> <span class='ocrx_word' id='word_1_308' title='bbox 775 3559 885 3617; x_wconf 87' lang='lat' dir='ltr'>tenore</span> <span class='ocrx_word' id='word_1_309' title='bbox 899 3557 1073 3633; x_wconf 88' lang='lat' dir='ltr'>utrumque</span> <span class='ocrx_word' id='word_1_310' title='bbox 1087 3555 1255 3635; x_wconf 64' lang='lat' dir='ltr'>psalmum⁴</span> <span class='ocrx_word' id='word_1_311' title='bbox 1268 3555 1354 3617; x_wconf 89' lang='lat' dir='ltr'>nulla</span> <span class='ocrx_word' id='word_1_312' title='bbox 1376 3554 1581 3617; x_wconf 85' lang='lat' dir='ltr'>distinetione</span> 
     </span>
     <span class='ocr_line' id='line_1_33' title="bbox 258 3648 1579 3732; baseline -0.001 -19"><span class='ocrx_word' id='word_1_313' title='bbox 258 3652 399 3714; x_wconf 84' lang='lat' dir='ltr'>allerunt</span> <span class='ocrx_word' id='word_1_314' title='bbox 412 3652 537 3731; x_wconf 89' lang='lat' dir='ltr'>(lustin.</span> <span class='ocrx_word' id='word_1_315' title='bbox 554 3651 645 3730; x_wconf 72' lang='lat' dir='ltr'>Apol.</span> <span class='ocrx_word' id='word_1_316' title='bbox 663 3653 744 3725; x_wconf 69' lang='grc' dir='ltr'>ΜΟ.</span> <span class='ocrx_word' id='word_1_317' title='bbox 757 3648 839 3730; x_wconf 83' lang='grc' dir='ltr'>Βὶ.);</span> <span class='ocrx_word' id='word_1_318' title='bbox 855 3650 896 3713; x_wconf 90' lang='lat' dir='ltr'>cl.</span> <span class='ocrx_word' id='word_1_319' title='bbox 911 3649 1045 3728; x_wconf 83' lang='lat' dir='ltr'>Zenaer,</span> <span class='ocrx_word' id='word_1_320' title='bbox 1059 3650 1298 3732; x_wconf 78' lang='lat' dir='ltr'>Glrorgesaenge</span> <span class='ocrx_word' id='word_1_321' title='bbox 1315 3654 1349 3713; x_wconf 91' lang='lat' dir='ltr'>in</span> <span class='ocrx_word' id='word_1_322' title='bbox 1364 3651 1395 3713; x_wconf 94' lang='lat' dir='ltr'>d.</span> <span class='ocrx_word' id='word_1_323' title='bbox 1412 3653 1462 3712; x_wconf 91' lang='lat' dir='ltr'>Ps.</span> <span class='ocrx_word' id='word_1_324' title='bbox 1480 3669 1513 3730; x_wconf 91' lang='lat' dir='ltr'>p.</span> <span class='ocrx_word' id='word_1_325' title='bbox 1528 3653 1579 3712; x_wconf 80' lang='lat' dir='ltr'>lii.</span> 
     </span>
    </p>
   </div>
   <div class='ocr_carea' id='block_1_5' title="bbox 258 3842 1584 4788">
    <p class='ocr_par' dir='ltr' id='par_1_5' title="bbox 258 3842 1584 4788">
     <span class='ocr_line' id='line_1_34' title="bbox 303 3842 1581 3936; baseline -0.002 -22"><span class='ocrx_word' id='word_1_326' title='bbox 303 3851 390 3915; x_wconf 85' lang='lat' dir='ltr'>Deus</span> <span class='ocrx_word' id='word_1_327' title='bbox 404 3844 523 3936; x_wconf 87' lang='lat' dir='ltr'>itaque</span> <span class='ocrx_word' id='word_1_328' title='bbox 538 3848 647 3912; x_wconf 85' lang='lat' dir='ltr'>lesum</span> <span class='ocrx_word' id='word_1_329' title='bbox 664 3844 839 3913; x_wconf 88' lang='lat' dir='ltr'>constituit</span> <span class='ocrx_word' id='word_1_330' title='bbox 850 3842 1016 3927; x_wconf 86' lang='lat' dir='ltr'>llessiam,</span> <span class='ocrx_word' id='word_1_331' title='bbox 1033 3843 1156 3912; x_wconf 78' lang='lat' dir='ltr'>Filium</span> <span class='ocrx_word' id='word_1_332' title='bbox 1172 3865 1272 3911; x_wconf 88' lang='lat' dir='ltr'>suum</span> <span class='ocrx_word' id='word_1_333' title='bbox 1290 3844 1491 3914; x_wconf 85' lang='lat' dir='ltr'>declaravit.</span> <span class='ocrx_word' id='word_1_334' title='bbox 1509 3849 1581 3912; x_wconf 90' lang='lat' dir='ltr'>lam</span> 
     </span>
     <span class='ocr_line' id='line_1_35' title="bbox 258 3947 1578 4042; baseline -0.002 -21"><span class='ocrx_word' id='word_1_335' title='bbox 258 3952 302 4022; x_wconf 90' lang='lat' dir='ltr'>ad</span> <span class='ocrx_word' id='word_1_336' title='bbox 329 3953 480 4020; x_wconf 88' lang='lat' dir='ltr'>alterum</span> <span class='ocrx_word' id='word_1_337' title='bbox 496 3949 621 4018; x_wconf 88' lang='lat' dir='ltr'>transit</span> <span class='ocrx_word' id='word_1_338' title='bbox 635 3950 745 4019; x_wconf 89' lang='lat' dir='ltr'>oratio</span> <span class='ocrx_word' id='word_1_339' title='bbox 758 3973 790 4019; x_wconf 86' lang='lat' dir='ltr'>v.</span> <span class='ocrx_word' id='word_1_340' title='bbox 806 3957 848 4020; x_wconf 81' lang='lat' dir='ltr'>at</span> <span class='ocrx_word' id='word_1_341' title='bbox 867 3947 962 4042; x_wconf 80' lang='lat' dir='ltr'>quod</span> <span class='ocrx_word' id='word_1_342' title='bbox 969 3962 1085 4018; x_wconf 82' lang='lat' dir='ltr'>autem</span> <span class='ocrx_word' id='word_1_343' title='bbox 1098 3949 1278 4018; x_wconf 79' lang='lat' dir='ltr'>suscitarit</span> <span class='ocrx_word' id='word_1_344' title='bbox 1288 3972 1366 4017; x_wconf 87' lang='lat' dir='ltr'>eum</span> <span class='ocrx_word' id='word_1_345' title='bbox 1384 3973 1407 4018; x_wconf 88' lang='grc' dir='ltr'><em>α</em></span> <span class='ocrx_word' id='word_1_346' title='bbox 1420 3949 1578 4033; x_wconf 80' lang='lat' dir='ltr'>mortuis,</span> 
     </span>
     <span class='ocr_line' id='line_1_36' title="bbox 258 4055 1582 4150; baseline -0.005 -22"><span class='ocrx_word' id='word_1_347' title='bbox 258 4081 318 4144; x_wconf 89' lang='lat' dir='ltr'>en,</span> <span class='ocrx_word' id='word_1_348' title='bbox 331 4059 406 4150; x_wconf 89' lang='lat' dir='ltr'>ipsa</span> <span class='ocrx_word' id='word_1_349' title='bbox 422 4055 596 4148; x_wconf 86' lang='lat' dir='ltr'>particula</span> <span class='ocrx_word' id='word_1_350' title='bbox 605 4063 637 4126; x_wconf 72' lang='lat' dir='ltr'>tt</span> <span class='ocrx_word' id='word_1_351' title='bbox 648 4062 683 4125; x_wconf 90' lang='lat' dir='ltr'>et</span> <span class='ocrx_word' id='word_1_352' title='bbox 691 4057 903 4147; x_wconf 88' lang='lat' dir='ltr'>appositione</span> <span class='ocrx_word' id='word_1_353' title='bbox 913 4056 973 4126; x_wconf 90' lang='lat' dir='ltr'>illa</span> <span class='ocrx_word' id='word_1_354' title='bbox 986 4065 1022 4126; x_wconf 79' lang='lat' dir='ltr'>ts</span> <span class='ocrx_word' id='word_1_355' title='bbox 1032 4066 1146 4146; x_wconf 74' lang='grc' dir='ltr'>νεκρῶν</span> <span class='ocrx_word' id='word_1_356' title='bbox 1160 4055 1207 4124; x_wconf 91' lang='lat' dir='ltr'>ad</span> <span class='ocrx_word' id='word_1_357' title='bbox 1219 4058 1375 4141; x_wconf 78' lang='grc' dir='ltr'>ἀνέστησεν</span> <span class='ocrx_word' id='word_1_358' title='bbox 1389 4055 1582 4125; x_wconf 86' lang='lat' dir='ltr'>ostenditur</span> 
     </span>
     <span class='ocr_line' id='line_1_37' title="bbox 259 4162 1582 4253; baseline -0.006 -18"><span class='ocrx_word' id='word_1_359' title='bbox 259 4188 352 4234; x_wconf 88' lang='lat' dir='ltr'>nune</span> <span class='ocrx_word' id='word_1_360' title='bbox 377 4162 521 4233; x_wconf 87' lang='lat' dir='ltr'>tandem</span> <span class='ocrx_word' id='word_1_361' title='bbox 543 4162 618 4230; x_wconf 84' lang='lat' dir='ltr'>lieri</span> <span class='ocrx_word' id='word_1_362' title='bbox 645 4183 837 4231; x_wconf 88' lang='lat' dir='ltr'>sermonem</span> <span class='ocrx_word' id='word_1_363' title='bbox 866 4162 910 4231; x_wconf 90' lang='lat' dir='ltr'>de</span> <span class='ocrx_word' id='word_1_364' title='bbox 939 4163 1204 4247; x_wconf 88' lang='lat' dir='ltr'>resurrectione,</span> <span class='ocrx_word' id='word_1_365' title='bbox 1228 4183 1340 4253; x_wconf 88' lang='lat' dir='ltr'>neque</span> <span class='ocrx_word' id='word_1_366' title='bbox 1358 4163 1427 4230; x_wconf 80' lang='lat' dir='ltr'>ianr</span> <span class='ocrx_word' id='word_1_367' title='bbox 1452 4162 1582 4230; x_wconf 85' lang='lat' dir='ltr'>laetum</span> 
     </span>
     <span class='ocr_line' id='line_1_38' title="bbox 259 4265 1582 4359; baseline -0.007 -17"><span class='ocrx_word' id='word_1_368' title='bbox 259 4295 329 4342; x_wconf 87' lang='lat' dir='ltr'>csse</span> <span class='ocrx_word' id='word_1_369' title='bbox 344 4272 381 4339; x_wconf 92' lang='lat' dir='ltr'>in</span> <span class='ocrx_word' id='word_1_370' title='bbox 392 4292 425 4339; x_wconf 89' lang='lat' dir='ltr'>v.</span> <span class='ocrx_word' id='word_1_371' title='bbox 440 4276 496 4353; x_wconf 84' lang='lat'>33,</span> <span class='ocrx_word' id='word_1_372' title='bbox 514 4266 667 4359; x_wconf 81' lang='lat' dir='ltr'>amplius</span> <span class='ocrx_word' id='word_1_373' title='bbox 678 4268 750 4337; x_wconf 84' lang='lat' dir='ltr'>iam</span> <span class='ocrx_word' id='word_1_374' title='bbox 762 4290 831 4337; x_wconf 84' lang='lat' dir='ltr'>non</span> <span class='ocrx_word' id='word_1_375' title='bbox 843 4289 1056 4338; x_wconf 81' lang='lat' dir='ltr'>reversurum</span> <span class='ocrx_word' id='word_1_376' title='bbox 1068 4267 1107 4336; x_wconf 82' lang='lat' dir='ltr'>in</span> <span class='ocrx_word' id='word_1_377' title='bbox 1121 4266 1386 4357; x_wconf 78' lang='lat' dir='ltr'>corruptionem,</span> <span class='ocrx_word' id='word_1_378' title='bbox 1400 4268 1451 4335; x_wconf 82' lang='lat' dir='ltr'>ita</span> <span class='ocrx_word' id='word_1_379' title='bbox 1464 4265 1582 4335; x_wconf 74' lang='lat' dir='ltr'>dicit:</span> 
     </span>
     <span class='ocr_line' id='line_1_39' title="bbox 260 4372 1579 4469; baseline -0.006 -22"><span class='ocrx_word' id='word_1_380' title='bbox 260 4377 346 4469; x_wconf 83' lang='lat' dir='ltr'>quia</span> <span class='ocrx_word' id='word_1_381' title='bbox 370 4376 459 4446; x_wconf 81' lang='lat' dir='ltr'>dabo</span> <span class='ocrx_word' id='word_1_382' title='bbox 479 4372 573 4443; x_wconf 79' lang='lat' dir='ltr'>vobis</span> <span class='ocrx_word' id='word_1_383' title='bbox 595 4387 716 4444; x_wconf 81' lang='lat' dir='ltr'>sancto</span> <span class='ocrx_word' id='word_1_384' title='bbox 728 4373 842 4444; x_wconf 82' lang='lat' dir='ltr'>David</span> <span class='ocrx_word' id='word_1_385' title='bbox 852 4373 990 4465; x_wconf 75' lang='lat' dir='ltr'>fidelia,</span> <span class='ocrx_word' id='word_1_386' title='bbox 1008 4378 1049 4443; x_wconf 88' lang='lat' dir='ltr'>ls.</span> <span class='ocrx_word' id='word_1_387' title='bbox 1071 4378 1150 4457; x_wconf 56' lang='lat' dir='ltr'>dail</span> <span class='ocrx_word' id='word_1_388' title='bbox 1169 4374 1261 4440; x_wconf 84' lang='lat' dir='ltr'>LXX</span> <span class='ocrx_word' id='word_1_389' title='bbox 1273 4376 1309 4442; x_wconf 78' lang='grc' dir='ltr'>τὰ</span> <span class='ocrx_word' id='word_1_390' title='bbox 1323 4379 1404 4456; x_wconf 67' lang='grc' dir='ltr'>ὅσια,</span> <span class='ocrx_word' id='word_1_391' title='bbox 1421 4376 1457 4443; x_wconf 77' lang='grc' dir='ltr'>τὰ</span> <span class='ocrx_word' id='word_1_392' title='bbox 1474 4376 1579 4456; x_wconf 54' lang='lat' dir='ltr'>ccccm</span> 
     </span>
     <span class='ocr_line' id='line_1_40' title="bbox 260 4477 1581 4583; baseline -0.007 -30"><span class='ocrx_word' id='word_1_393' title='bbox 260 4483 360 4553; x_wconf 77' lang='lat' dir='ltr'>hebr.</span> <span class='ocrx_word' id='word_1_394' title='bbox 376 4500 427 4579; x_wconf 67' lang='lat' dir='ltr'>ll]</span> <span class='ocrx_word' id='word_1_395' title='bbox 445 4498 534 4583; x_wconf 62' lang='lat' dir='ltr'>trun,</span> <span class='ocrx_word' id='word_1_396' title='bbox 547 4486 627 4549; x_wconf 88' lang='lat' dir='ltr'>sunt</span> <span class='ocrx_word' id='word_1_397' title='bbox 639 4480 877 4550; x_wconf 86' lang='lat' dir='ltr'>misericordes</span> <span class='ocrx_word' id='word_1_398' title='bbox 885 4480 967 4549; x_wconf 87' lang='lat' dir='ltr'>illae</span> <span class='ocrx_word' id='word_1_399' title='bbox 976 4502 1016 4550; x_wconf 90' lang='lat' dir='ltr'>ac</span> <span class='ocrx_word' id='word_1_400' title='bbox 1028 4478 1199 4569; x_wconf 79' lang='lat' dir='ltr'>gratiosae</span> <span class='ocrx_word' id='word_1_401' title='bbox 1210 4479 1465 4570; x_wconf 84' lang='lat' dir='ltr'>promissiones,</span> <span class='ocrx_word' id='word_1_402' title='bbox 1484 4477 1581 4564; x_wconf 77' lang='lat' dir='ltr'>vulg.</span> 
     </span>
     <span class='ocr_line' id='line_1_41' title="bbox 261 4585 1584 4678; baseline -0.003 -19"><span class='ocrx_word' id='word_1_403' title='bbox 261 4590 518 4659; x_wconf 84' lang='lat' dir='ltr'>misericordiae</span> <span class='ocrx_word' id='word_1_404' title='bbox 558 4586 682 4673; x_wconf 81' lang='lat' dir='ltr'>David,</span> <span class='ocrx_word' id='word_1_405' title='bbox 713 4609 797 4678; x_wconf 86' lang='lat' dir='ltr'>quas</span> <span class='ocrx_word' id='word_1_406' title='bbox 821 4585 958 4678; x_wconf 79' lang='lat' dir='ltr'>fideles,</span> <span class='ocrx_word' id='word_1_407' title='bbox 991 4591 1097 4670; x_wconf 87' lang='lat' dir='ltr'>tutas,</span> <span class='ocrx_word' id='word_1_408' title='bbox 1128 4590 1336 4670; x_wconf 85' lang='lat' dir='ltr'>constantes,</span> <span class='ocrx_word' id='word_1_409' title='bbox 1367 4585 1584 4655; x_wconf 84' lang='lat' dir='ltr'>inconcussas</span> 
     </span>
     <span class='ocr_line' id='line_1_42' title="bbox 261 4690 1584 4788; baseline -0.005 -24"><span class='ocrx_word' id='word_1_410' title='bbox 261 4718 398 4788; x_wconf 87' lang='lat' dir='ltr'>semper</span> <span class='ocrx_word' id='word_1_411' title='bbox 417 4700 572 4787; x_wconf 83' lang='lat' dir='ltr'>perstare</span> <span class='ocrx_word' id='word_1_412' title='bbox 591 4699 678 4763; x_wconf 85' lang='lat' dir='ltr'>Deus</span> <span class='ocrx_word' id='word_1_413' title='bbox 702 4692 863 4785; x_wconf 82' lang='lat' dir='ltr'>spondct3</span> <span class='ocrx_word' id='word_1_414' title='bbox 881 4695 968 4765; x_wconf 89' lang='lat' dir='ltr'>haec</span> <span class='ocrx_word' id='word_1_415' title='bbox 986 4695 1103 4785; x_wconf 89' lang='lat' dir='ltr'>itaque</span> <span class='ocrx_word' id='word_1_416' title='bbox 1121 4696 1258 4776; x_wconf 82' lang='lat' dir='ltr'>macta,</span> <span class='ocrx_word' id='word_1_417' title='bbox 1281 4698 1396 4761; x_wconf 84' lang='lat' dir='ltr'>sancte</span> <span class='ocrx_word' id='word_1_418' title='bbox 1415 4690 1584 4783; x_wconf 88' lang='lat' dir='ltr'>promissa</span> 
     </span>
    </p>
   </div>
   <div class='ocr_carea' id='block_1_6' title="bbox 0 0 2057 5490">
    <p class='ocr_par' dir='ltr' id='par_1_6' title="bbox 0 0 2057 5490">
     <span class='ocr_line' id='line_1_43' title="bbox 0 0 2057 5490; baseline 0 0"><span class='ocrx_word' id='word_1_419' title='bbox 0 0 2057 5490; x_wconf 95' lang='lat' dir='ltr'> </span> 
     </span>
    </p>
   </div>
  </div>
 </body>
</html>
