4154 5452
1125 362 1192 406 ior.
1215 347 1278 420 8,i.
1809 348 1867 408 143

436 520 439 524 ⁸
540 503 657 554 enimin
673 503 970 570 quemquamlliorum
985 498 1116 559 venerat,
1132 495 1183 547 sed
1228 490 1310 546 οθδενὶ
1336 490 1416 544 strar
1446 490 1626 557 ίαικεκτωκδς,
1659 494 1736 563 μόνον
1769 495 1795 549 δὲ
1825 496 1868 566 βε-

540 592 672 657 baptizati
691 598 804 646 tantum
828 591 909 641 erant
936 589 965 637 in
987 587 1102 638 nomine
1124 586 1182 637 Do·
1229 581 1384 652 destrantur
1423 579 1536 653 θαῆρχον
1573 579 1607 642 εἰς
1647 579 1677 634 τδ
1711 583 1790 654 ὄνομα
1825 590 1870 639 τοῦ

540 684 608 733 mini
628 683 702 734 lesu.
723 681 764 730 ii.
785 678 864 727 Turro
884 676 1069 740 imponebant
1083 688 1183 726 manus
1229 670 1318 743 Κυρίου
1338 669 1432 738 Ἰησοῦ.
1456 674 1498 726 ii.
1518 669 1575 725 τότε
1594 669 1738 725 ίκετίθοσαν
1757 671 1801 734 τὰς
1819 677 1870 746 χεῖ.

540 784 623 836 super
637 771 710 829 illos,
722 772 751 817 et
765 764 942 830 accipiebant
958 764 1094 829 Spiritum
1103 778 1183 816 sano·
1229 780 1271 831 ρας
1310 758 1352 815 ἐπ’
1384 758 1485 826 αδαοθς,
1519 760 1562 814 καί
1594 758 1736 833 ίλάμδανον
1769 759 1872 830 Πνεῦμα

541 866 608 911 tum.
1228 849 1328 920 Ἀγιον.

578 916 733 1003 ia'Quum
750 943 868 996 vidisset
887 950 982 995 autem
998 943 1098 995 Simon
1115 943 1183 1006 qnia
1269 942 1310 995 ¹8.
1340 935 1412 990 Ἰδὼν
1445 936 1471 991 δὲ
1507 937 1521 990 ὁ
1553 937 1649 1008 Σίμων,
1679 939 1718 991 ὅτι
1750 934 1794 990 διὰ
1830 941 1874 1005 τῆς
1983 976 1986 981 »

538 1045 588 1099 per
616 1033 826 1098 impositionem
854 1045 956 1090 manus
989 1031 1182 1095 apostolorum
1228 1024 1357 1090 ίτιθίσευς
1402 1032 1451 1081 τῶν
1488 1031 1581 1100 χειρῶν
1627 1031 1677 1079 τῶν
1721 1026 1872 1081 ἀποστόλων

539 1123 652 1174 daretur
672 1124 786 1187 spiritus
809 1126 940 1182 sanatus,
956 1120 1059 1172 obtulit
1075 1119 1117 1169 ein
1135 1130 1182 1183 pe·
1227 1115 1324 1167 δίδοται
1364 1114 1394 1169 τί)
1438 1115 1540 1186 Πνεῦμα
1579 1115 1748 1187 προσήνεγκεν
1787 1115 1872 1180 αὐτοῖς

538 1213 664 1273 cuniam,
682 1211 723 1263 ί9.
740 1210 864 1283 Dicens:
882 1210 954 1259 Date
972 1215 1000 1260 et
1020 1208 1090 1258 mihi
1109 1208 1184 1257 hano
1227 1202 1354 1275 χρήματα,
1377 1207 1419 1259 ί9.
1438 1203 1531 1270 λίγυν,
1551 1204 1613 1258 Δότε
1636 1202 1714 1275 κάμοὶ
1736 1201 1781 1271 τήν
1801 1202 1870 1267 iton-

538 1302 721 1365 potestatem,
752 1303 784 1349 ut
818 1299 986 1361 cuicumque
1022 1298 1182 1360 imposuero
1228 1291 1282 1344 σίαν
1303 1290 1406 1360 ταύτην,
1425 1291 1469 1345 ίνα
1494 1289 1515 1364 ᾧ
1544 1292 1586 1347 nv
1610 1291 1687 1346 ἐπιθῶ
1705 1292 1749 1357 τίς
1767 1300 1868 1367 χεῖρας,

539 1402 652 1449 manus,
675 1387 795 1450 aooipiat
815 1385 950 1450 Spiritum
969 1390 1110 1437 sanctum.
1132 1385 1182 1435 Pe·
1228 1379 1344 1453 λαμθάνῃ
1369 1380 1471 1447 Πνεῦμα
1500 1379 1604 1453 Ἀγιον.
1638 1384 1686 1436 20.
1723 1382 1813 1455 Πέτρος
1844 1382 1871 1437 δὲ

539 1481 599 1528 irus
612 1477 706 1527 autem
721 1474 791 1525 dixit
814 1474 964 1527 adeum:
987 1474 1033 1527 20.
1058 1473 1183 1526 Pecunia
1228 1466 1298 1523 εἶπεν
1329 1469 1390 1540 πρὸς
1418 1468 1508 1534 αἰετὸν,
1533 1469 1568 1523 ri
1596 1468 1714 1541 ἀργύριόν
1746 1490 1791 1524 σου
1824 1471 1869 1525 σίνν

539 1573 587 1618 tue
608 1566 699 1615 tecum
722 1565 760 1614 sit
780 1565 809 1614 ln
830 1564 1032 1628 perditionem,
1049 1564 1181 1628 quoniam
1227 1558 1269 1611 σοί
1291 1557 1330 1627 rh]
1361 1557 1395 1620 είς
1418 1557 1555 1630 ἀκώλιιαν,
1583 1560 1622 1612 dn
1643 1555 1689 1625 τήν
1712 1559 1808 1630 δωρεὰν
1826 1563 1871 1613 τοῦ

538 1654 643 1705 donum
657 1654 709 1705 Dei
721 1654 889 1705 existimasti
900 1655 1021 1719 pecunia
1033 1652 1181 1717 possideri.
1228 1646 1292 1702 θεοῦ
1315 1646 1430 1719 ίνόμιαας
1453 1647 1495 1701 διὰ
1521 1647 1660 1723 χρημάτων
1683 1649 1799 1702 κτᾶσθαι.
1823 1653 1870 1707 2ί.

539 1743 583 1795 21.
599 1743 664 1794 Non
679 1744 722 1795 est
739 1741 790 1793 tibi
806 1755 873 1806 pars
889 1754 981 1808 neque
996 1754 1059 1793 sors
1077 1738 1107 1791 in
1121 1754 1194 1807 ser-V
1228 1735 1273 1790 οὔκ
1305 1735 1371 1791 ἔστιν
1404 1756 1444 1791 σοι
1477 1737 1545 1809 μερίς
1576 1735 1634 1790 otti
1661 1735 1754 1809 κλῆρος
1783 1737 1810 1792 iv
1835 1744 1872 1811 τῷ

538 1844 622 1883 mone
636 1820 759 1893 lsto‚aor
773 1832 1062 1883 enimtuumnonest
1075 1834 1182 1881 reatum
1227 1824 1299 1899 λόγῳ
1321 1826 1412 1898 τούτῳ·
1436 1825 1452 1894 ἡ
1475 1824 1524 1900 γὰρ
1550 1826 1639 1898 καρδία
1662 1845 1706 1881 σου
1734 1825 1780 1881 οὒκ
1804 1825 1871 1881 ἔστιν

538 1933 634 1973 coram
648 1920 717 1972 Deo.
735 1919 779 1970 22.
796 1919 1004 1970 Poenltentlam
1019 1919 1115 1984 itaque
1129 1931 1182 1982 age
1228 1911 1311 1967 είιθεῖα
1342 1914 1424 1969 ἔναντι
1456 1918 1500 1969 τοῦ
1532 1914 1607 1969 Θεοῦ.
1640 1919 1685 1970 22.
1715 1914 1871 1988 μετανόησον

538 2009 574 2060 ab
597 2009 651 2059 beo
675 2009 802 2071 nequitia
823 2013 887 2070 tua;
906 2012 935 2059 et
958 2019 1029 2071 roga
1048 2007 1139 2059 Deum
1157 2006 1182 2057 sl
1227 1997 1271 2056 οὖν
1290 2001 1339 2057 διεδ
1357 2007 1401 2071 τῆς
1419 2005 1505 2067 κακίας
1522 2022 1567 2056 σου
1584 2006 1688 2072 ταθτης,
1709 2004 1752 2057 καί
1769 2005 1872 2074 δεήθητι

538 2095 610 2149 iorte
623 2095 842 2147 remittaturtlbi
857 2097 928 2147 haee
942 2097 1076 2160 cogitatio
1089 2095 1182 2147 cordis
1227 2094 1271 2145 τοῦ
1300 2091 1387 2162 Κυρίου
1414 2090 1436 2145 εί
1460 2092 1507 2163 ἄρα
1536 2090 1686 2164 ἀφεθήσεταί
1713 2111 1753 2147 σοι
1779 2091 1795 2160 ἡ
1819 2093 1870 2148 irri-

539 2188 590 2236 tul.
616 2184 660 2236 23.
686 2184 719 2235 in
737 2184 808 2237 delle
830 2186 907 2236 enim
931 2184 1127 2236 amaritudinis
1153 2189 1181 2235 et
1227 2199 1282 2234 νοια
1308 2188 1351 2243 τῆς
1378 2180 1479 2252 καρδίας
1502 2197 1556 2234 σου·
1578 2184 1624 2237 23.
1649 2179 1683 2243 εἰς
1709 2180 1758 2253 γὰρ
1786 2179 1870 2256 χολήν

539 2272 710 2338 obligatione
728 2273 885 2339 iniquitatis
903 2273 987 2325 video
1004 2276 1032 2324 te
1047 2286 1119 2324 esso.
1135 2272 1178 2323 il.
1226 2269 1323 2341 πικρίας
1362 2269 1405 2323 καί
1445 2269 1583 2343 σύνδεσμον
1624 2269 1720 2334 δδικίας
1756 2270 1807 2343 ὁρῶ
1842 2291 1870 2326 σε

539 2362 723 2427 Respondens
739 2366 834 2414 autem
855 2361 954 2413 Simon
969 2362 1041 2413 dixit
1058 2374 1065 2411 :
1082 2362 1181 2413 Preoa·
1226 2359 1298 2414 ὄντα.
1325 2362 1369 2414 ti,
1400 2358 1541 2431 ἀποκριθεὶς
1569 2357 1597 2413 ii
1625 2358 1639 2413 ὁ
1671 2359 1755 2433 Σίμων
1786 2358 1868 2429 timu,

539 2453 609 2502 mini
626 2465 676 2503 vos
694 2463 746 2516 pre
763 2465 808 2504 me
827 2451 863 2502 ad
878 2452 1044 2514 Dominum,
1060 2455 1092 2502 ut
1110 2451 1180 2502 nihil
1226 2447 1335 2515 Δεήθητε
1357 2446 1429 2520 epm
1451 2447 1512 2519 ίνκίρ
1534 2446 1596 2520 ἐμοῦ
1618 2447 1679 2520 πρὸς
1700 2449 1745 2503 τδν
1769 2448 1867 2520 Πίριον,

538 2542 633 2593 veniat
646 2552 732 2604 super
749 2553 795 2591 me
808 2541 910 2591 horum
926 2554 1001 2605 quae
1016 2540 1138 2592 dixistis.
1226 2537 1294 2601 ὅπως
1317 2535 1394 2608 μηδὲν
1418 2536 1509 2610 tertiig
1528 2534 1572 2591 ἐπ’
1591 2535 1635 2608 ίμί
1652 2534 1688 2590 ὧν
1708 2535 1831 2609 εἰρήκατε.

575 2629 620 2680 25.
637 2627 673 2679 Et
688 2629 729 2678 illi
744 2628 858 2693 quidem
873 2628 1029 2688 testificati,
1048 2632 1076 2679 et
1094 2628 1181 2679 locuti
1263 2629 1308 2680 25.
1341 2624 1372 2678 Oi
1405 2624 1449 2696 μίν
1485 2620 1530 2678 οὖν
1567 2625 1793 2698 διαμαρτυράμενοι
1828 2627 1870 2679 καί

538 2718 655 2769 verbum
671 2716 799 2777 Domini,
814 2716 943 2768 redibant
964 2717 1179 2779 ierosolymam,
1226 2712 1381 2780 λαλήσαντες
1402 2713 1444 2768 τὀν
1466 2712 1546 2785 λόγον
1565 2717 1608 2767 τοῦ
1632 2714 1736 2787 ίίυρίοιι,
1754 2714 1870 2786 irimp-

539 2808 567 2859 et
605 2805 701 2857 multis
740 2805 905 2870 regionibus
938 2805 1181 2857 Samaritanorum
1226 2821 1272 2873 ρον
1296 2800 1329 2865 είς
1351 2798 1528 2874 Ἱεροσόλυμα,
1547 2801 1644 2866 πολλάς
1662 2822 1689 2858 τι
1716 2805 1802 2876 κώμας
1818 2810 1869 2859 τῶν

538 2894 778 2959 evangelizabant.
1059 2926 1062 2930 -
1227 2891 1386 2962 Σαμαρειτῶν
1414 2890 1616 2964 ring-salitante.

491 3100 494 3104 .
574 3053 647 3105 inv.
663 3053 678 3105 6
693 3053 717 3104 i)
732 3050 805 3112 υςδε
819 3069 911 3118 ηκουον
925 3069 971 3104 παν
990 3068 1015 3103 οι
1033 3049 1108 3121 οχλοι
1126 3069 1270 3122 τρυσιιχον,
1285 3056 1339 3105 sim
1352 3067 1409 3118 syr.
1431 3054 1465 3106 ln
1486 3068 1515 3106 ν.
1536 3055 1553 3106 7
1572 3050 1675 3106 πολλου
1702 3055 1752 3108 ΗΡ
1767 3056 1794 3107 al
1808 3057 1870 3121 pler

538 3155 591 3206 oop
606 3142 650 3209 (ex
660 3142 756 3194 multis
769 3144 846 3195 enirn
860 3143 1003 3207 inquibus
1015 3144 1131 3208 spiritus
1144 3142 1283 3194 immundi
1296 3143 1408 3196 inerant
1422 3143 1640 3208 egrediebantur
1649 3143 1867 3214 exclamantes);

539 3226 654 3299 εξήρχετο
666 3231 719 3283 HP
740 3232 769 3283 al
788 3232 873 3296 longe
892 3231 943 3296 plu
962 3230 1030 3283 Chr.
1052 3231 1085 3282 in
1103 3245 1132 3282 ν.
1156 3231 1187 3283 10
1206 3244 1253 3283 om
1274 3227 1416 3300 καλουμενη
1437 3232 1520 3285 HLP
1534 3233 1563 3284 al
1583 3234 1645 3298 pler
1662 3235 1715 3285 sab
1734 3247 1782 3299 syr
1798 3234 1866 3287 Chr.

540 3319 572 3370 ln
586 3334 614 3377 ν.
633 3320 701 3372 191)
715 3315 867 3387 παρακαλιυν
886 3336 929 3369 και
947 3316 1054 3388 λεγιυν..
1074 3336 1113 3369 ινα
1129 3336 1215 3389 aaron
1229 3321 1279 3386 gig
1292 3333 1398 3387 rogans
1411 3326 1440 3374 οθ
1453 3321 1560 3373 dicens.
1578 3322 1610 3373 in
1624 3334 1653 3373 v.
1675 3323 1708 3374 24
1731 3323 1754 3374 D
1774 3338 1868 3373 τουτων

539 3423 589 3458 ταν
601 3424 683 3458 κακιον
697 3423 732 3458 ων
747 3423 860 3477 ειρηκατε
873 3424 926 3476 μοι,
942 3408 982 3460 D*
997 3424 1024 3468 ος
1035 3404 1120 3459 πολλα
1134 3404 1230 3458 κλαιιυν
1242 3425 1273 3459 ου
1287 3405 1463 3480 διελιμιτανιν;
1476 3412 1530 3461 sim
1544 3411 1583 3475 ph
1599 3410 1709 3478 (margi.

585 3592 602 3627 «
633 3568 680 3630 Tu
704 3565 792 3632 mihi
819 3564 997 3656 perpende
1026 3569 1112 3655 quot
1140 3570 1340 3656 quantaque
1365 3565 1607 3657 dispensentur
1630 3589 1695 3657 per
1721 3577 1869 3637 mortem

540 3670 722 3761 Stephani;
747 3670 998 3762 disperguntur
1026 3693 1090 3761 per
1113 3672 1274 3759 regiones
1294 3673 1438 3740 iudaeae
1456 3678 1490 3739 αθ
1509 3673 1703 3756 Samariae,
1724 3696 1873 3764 evange.

540 3778 646 3846 lizant
676 3776 837 3862 verbum,
865 3777 1069 3869 praedicant
1096 3778 1282 3862 Christum,
1312 3779 1420 3847 edunt
1449 3780 1552 3867 signa
1580 3807 1596 3842 ν
1626 3779 1758 3873 (θίικ.);
1793 3780 1873 3849 ride

540 3882 713 3976 quomodo
741 3888 828 3952 Deus
854 3884 1078 3952 inimieorum
1109 3884 1273 3952 adversus
1302 3885 1472 3953 Christum
1504 3886 1648 3954 insidias
1669 3886 1715 3954 ad
1741 3887 1873 3955 bonum

540 3991 644 4060 finem
673 3989 825 4065 deduoai
850 3990 961 4081 (Oea.)
989 4014 1021 4058 v.
1053 3995 1072 4057 ί
1102 3990 1213 4080 ἰρίίυν
1238 3991 1300 4081 qui
1323 3990 1473 4082 dispersi
1495 4004 1593 4060 erant
1616 3993 1874 4084 pertransibant

539 4096 815 4189 evangelizantes
841 4100 984 4165 verbum
1009 4098 1122 4188 (Dei);
1143 4098 1233 4165 bene
1253 4103 1353 4166 notat
1381 4096 1461 4168 eir.
1485 4119 1500 4166 .·
1520 4098 1771 4191 disperguntur
1790 4101 1886 4187 doe-¹

540 4211 630 4273 iores
660 4203 700 4295 (οἱ
723 4202 926 4293 διδάσκαλοι),
956 4210 994 4271 ut
1024 4204 1182 4272 doctrina
1210 4204 1361 4300 amplius
1387 4212 1604 4296 propagetur
1631 4206 1720 4297 (ὥστε
1746 4216 1872 4278 eleison

540 4320 676 4401 γενέσθαι
693 4320 747 4395 τήν
770 4310 965 4399 panareton
982 4310 1063 4379 vide
1082 4311 1127 4379 ad
1147 4334 1180 4379 v.
1199 4319 1231 4379 1.
1252 4310 1388 4379 Domini
1405 4311 1498 4380 enim
1513 4321 1598 4381 nutu
1616 4312 1817 4403 gerebatur,
1832 4320 1871 4383 ut

540 4417 770 4486 tribulationis
790 4416 924 4486 oocssio
947 4417 1047 4485 lieret
1069 4417 1243 4506 evangelii
1270 4418 1497 4487 seminarium
1521 4418 1658 4510 (Beda);
1680 4421 1869 4510 pertransi·

539 4526 625 4592 hant
643 4530 758 4593 autem
773 4546 845 4592 non
859 4526 969 4603 solum
984 4524 1146 4613 regiones
1162 4526 1309 4593 iudaeae
1324 4531 1359 4593 αθ
1370 4527 1547 4595 Samariae
1561 4526 1609 4616 (v.
1626 4526 1673 4610 il,
1690 4526 1750 4595 sed
1765 4527 1868 4597 eiiam

539 4630 649 4721 aliqui
666 4639 898 4722 pervenerunt
917 4654 1025 4722 usque
1047 4633 1243 4702 Phoenicen
1262 4637 1296 4700 et
1317 4636 1468 4724 Cyprum
1492 4639 1527 4702 et
1549 4632 1769 4703 Antiochiam
1788 4635 1869 4703 solis

541 4736 673 4806 ludaeis
687 4736 866 4829 loquentes
877 4740 1026 4808 verbum
1044 4740 1188 4830 (ii,19).
