4128 5442
233 344 273 402 u
482 330 554 419 Q
761 312 1065 435 ¹uara
1181 378 1184 383 .

276 496 324 558 Ex
341 513 375 558 v.
399 491 600 561 tridentur
621 488 692 560 iam
715 493 753 558 in
774 485 894 559 domo¹
907 486 1096 578 antequam
1119 486 1301 574 prodirent
1322 485 1359 552 in
1381 483 1560 574 publicum

149 652 152 655 .
230 596 336 665 locuti
358 620 430 667 esse
453 598 530 666 aliis
546 594 685 685 'linguis
708 595 886 683 magnalia
912 593 989 675 Dei,
1023 592 1092 659 nisi
1121 590 1287 658 malueris
1321 595 1443 680 putare
1472 586 1561 654 illud

231 704 525 795 coeperuntquasi
544 724 606 793 per
625 700 906 789 anticipationem
930 697 1018 780 dici,
1040 696 1123 788 quia
1148 695 1303 763 narratio
1317 702 1367 764 est
1385 694 1560 763 satiscon-

231 813 312 893 cisa,
332 832 422 901 quae
434 811 503 876 iam
518 804 741 897 progreditur
750 803 796 871 ad
810 802 1076 871 describendam
1090 801 1401 870 manifestationem
1410 800 1560 893 Spiritus

231 917 371 1007 publice
386 917 513 982 factam
530 935 564 978 v.
587 918 607 979 5
627 923 726 978 erant
749 922 866 978 autem
883 909 923 977 ia
936 906 1124 978 lentsalem
1138 906 1333 976 habitantes
1346 906 1471 974 Iudaei
1491 903 1561 972 uiri

229 1018 387 1112 reliqiosi
413 1041 457 1087 er
481 1016 577 1084 omni
596 1017 743 1085 notione
767 1040 857 1108 quae
890 1019 952 1084 aab
984 1016 1078 1084 coelo
1104 1027 1171 1101 est,
1196 1028 1405 1092 κατοικοῦντες
1434 1011 1560 1079 dicitur

229 1127 272 1195 de
285 1124 480 1206 domicilio,
497 1123 541 1191 de
561 1117 784 1192 habitatione
793 1123 867 1191 veri
888 1121 1056 1211 no'minis3
1074 1143 1114 1189 ea
1131 1121 1273 1211 ⁴quippe
1292 1116 1434 1186 notione
1458 1116 1558 1183 adhi-

79 1188 82 1195 Ι
113 1248 116 1253 ’
229 1233 332 1299 betur
346 1251 412 1297 vox
430 1228 508 1298 aliis
521 1229 560 1298 in
577 1230 662 1298 locis
677 1229 736 1321 (cl.
765 1236 863 1312 1,19;
880 1234 958 1312 2,9;
975 1231 1148 1310 aaut&
1169 1232 1267 1307 9323
1293 1229 1412 1308 11,29;
1436 1228 1556 1304 13‚a·1;

15 1324 24 1335 '¹
112 1330 115 1333 ’
138 1362 140 1366 ’
231 1342 348 1419 17,2t;
366 1337 561 1428 iubete)
576 1343 610 1406 et
622 1337 671 1403 ita
683 1335 854 1425 explicant
868 1334 947 1403 Gir.
968 1334 1047 1402 Oce.
1072 1330 1219 1422 Theopt.
1241 1330 1352 1399 Salm.
1378 1329 1452 1399 Coi.
1470 1332 1555 1396 Har.

228 1440 320 1511 Beel.
338 1441 424 1512 Feta
448 1442 586 1525 Wendt,
603 1443 680 1528 Bt,
692 1439 772 1510 cum
791 1440 941 1509 addatur
953 1438 1024 1507 viri
1036 1436 1203 1529 reliqiosi,
1218 1436 1334 1504 statim
1349 1457 1487 1524 quoque
1503 1439 1559 1501 in·

231 1548 362 1629 ruitur,
376 1570 440 1617 cur
453 1547 665 1617 domicilium
688 1569 789 1615 suum
817 1546 873 1615 vel
893 1552 1064 1637 perpetuo
1082 1543 1198 1612 velud
1218 1543 1354 1630 longius
1367 1546 1503 1631 tempus
1521 1541 1557 1606 in

228 1655 315 1722 urbe
330 1653 588 1734 constituerint,
604 1651 676 1719 scil.
698 1650 837 1741 pietatis
860 1672 982 1735 causa,
998 1654 1038 1719 ut
1060 1649 1170 1718 cultui
1188 1649 1367 1736 religioso,
1384 1646 1557 1715 sacrificiis

151 1798 157 1822 .
228 1761 452 1843 interessent,
474 1779 584 1849 prope
606 1756 747 1825 domum
767 1758 841 1840 liei,
857 1757 1028 1848 templum
1046 1755 1256 1836 incolerent,
1273 1754 1379 1822 sacris
1396 1758 1558 1820 vacarent

58 1836 81 1859 '¹
100 1900 101 1903 π
227 1863 364 1932 studiis.
385 1862 459 1933 Dici
474 1872 678 1953 ὑπερόολικῶς
701 1862 893 1955 (Thema),
912 1861 1079 1953 populari
1093 1859 1259 1953 loquendi
1283 1858 1385 1927 modo
1404 1857 1558 1926 exomni

228 1969 372 2052 natione
396 1975 463 2039 etc.
484 1974 579 2060 patet
596 1969 622 2036 i.
637 1992 676 2037 e..
689 1991 731 2038 ex
745 1969 861 2036 multis
874 1967 1094 2050 nationibus,
1107 1989 1150 2035 ex
1166 1968 1207 2034 iis
1223 1989 1312 2057 quae
1332 1973 1407 2035 tum
1422 1966 1557 2055 potissi-

228 2081 451 2145 mumnotae
476 2079 657 2160 erant,=er
679 2075 839 2142 omnibus
863 2080 976 2142 terrae
1002 2073 1162 2165 partibus
1179 2078 1253 2138 tum
1280 2072 1380 2139 nolis.
1402 2075 1487 2138 Nam
1512 2070 1555 2138 de

227 2179 426 2250 huiusmodi
440 2182 549 2248 solent
562 2180 720 2250 homines
738 2180 838 2272 quasi
850 2179 895 2248 de
914 2179 1078 2248 omnibus
1091 2177 1206 2269 loqui,
1228 2178 1333 2268 idque
1348 2184 1457 2261 recte,
1473 2176 1555 2266 quia

227 2287 450 2378 loquentibus
468 2308 588 2355 revera
608 2292 688 2355 sunt
703 2308 822 2355 omnes
838 2295 925 2379 quas
947 2286 1020 2356 scil.
1039 2285 1168 2354 norint.
1195 2287 1298 2353 Pauci
1318 2284 1490 2375 explicant
1511 2282 1555 2350 de
1667 2366 1670 2370 ι

226 2392 268 2461 iis
286 2392 348 2484 qui
362 2392 476 2461 solum
494 2392 541 2461 ad
553 2391 658 2461 breve
672 2397 827 2484 tempus,
848 2392 893 2461 ad
912 2393 1040 2460 festum
1054 2390 1301 2488 celebrandum
1317 2412 1352 2457 se
1370 2390 1406 2456 iu
1429 2389 1554 2456 urbem

227 2499 435 2567 contulerint
450 2496 567 2589 (Bari.
583 2502 669 2590 bap.
691 2497 803 2569 Galm.
819 2498 949 2588 Pota),
972 2497 1034 2565 sed
1056 2497 1099 2565 de
1123 2495 1323 2564 huiusmodi
1347 2494 1499 2582 legimus
1517 2495 1554 2562 in

227 2627 261 2672 v.
280 2612 321 2672 10
334 2612 560 2691 ἐπιδημοῦντες.

268 2793 306 2851 ht
320 2794 370 2853 est
384 2793 494 2852 tamen
508 2790 616 2868 aliqua
629 2790 801 2853 difficultas
818 2792 855 2852 in
870 2791 933 2854 hoc
948 2808 1046 2852 versu
1066 2790 1099 2852 in
1118 2791 1303 2870 acceptione
1318 2790 1552 2850 communiore.

226 2889 306 2950 Cum
321 2887 375 2949 isti
390 2903 428 2949 ex
443 2886 528 2949 omni
539 2887 666 2950 natione
682 2886 823 2950 babitare
838 2888 987 2950 dicantur
999 2889 1033 2949 in
1047 2889 1143 2959 urbe,
1162 2887 1226 2949 iam
1241 2886 1339 2948 iidem
1355 2904 1425 2948 esse
1441 2887 1553 2947 viden·

227 2984 348 3063 tarqui
364 3002 395 3045 v.
411 2985 483 3047 9-11
503 2990 721 3048 recensentur.
736 2986 772 3048 Id
784 3003 861 3048 vero
873 2984 1001 3049 admitti
1012 2985 1141 3064 nequit3
1155 3001 1229 3046 nam
1244 2985 1301 3064 qui
1316 2990 1391 3046 sunt
1403 2989 1555 3043 κατοικοῦν-

225 3105 267 3148 rt<
282 3081 318 3143 in
331 3082 411 3143 urbe
431 3099 496 3145 non
515 3086 652 3162 possunt
671 3099 742 3146 esse
761 3082 858 3146 simul
879 3102 909 3144 r.
930 3082 950 3143 9
970 3086 1155 3149 κατοικοῦντα
1175 3082 1454 3162 Mesopotamiam
1477 3082 1550 3143 dein

226 3184 350 3241 certum
364 3183 413 3241 est
426 3178 467 3241 ad
481 3178 641 3242 eiusmodi
655 3179 775 3242 testum
789 3179 925 3242 iudaeos
937 3197 976 3243 ex
987 3180 1076 3241 omni
1091 3179 1223 3260 regione
1235 3180 1274 3240 ad
1286 3179 1401 3240 urbem
1415 3180 1551 3251 vonisse,

226 3281 259 3338 et
273 3275 365 3338 Philo
380 3276 515 3354 quidem
532 3274 610 3338 dicit
623 3275 684 3337 καθ’
703 3276 797 3357 ἑορτὴν
812 3275 974 3356 myriades
989 3293 1029 3338 ex
1048 3276 1183 3338 totidem
1201 3276 1334 3338 urbibus
1353 3281 1437 3337 tcrra
1456 3276 1551 3337 mari·

227 3390 288 3452 que
304 3389 342 3434 ex
356 3379 495 3451 quatuor
511 3377 616 3435 terrae
634 3374 737 3455 plagis
751 3375 789 3442 il<
801 3372 832 3433 τὸ
847 3374 918 3454 ἱερόν
933 3391 967 3436 se
982 3372 1126 3437 conterre
1145 3373 1197 3453 (de
1212 3373 1378 3434 monarch.
1396 3375 1459 3452 ip.
1477 3374 1551 3445 92&

225 3468 266 3531 ei.
290 3467 426 3548 Wetrt.);
439 3469 479 3532 de
494 3470 655 3533 eiusmodi
672 3477 780 3533 autem
796 3471 831 3533 in
850 3475 960 3533 nostm
978 3475 1071 3532 textu
1082 3474 1207 3533 tacettu
1222 3471 1364 3549 exceptis
1386 3472 1550 3532 Romanis.

225 3566 342 3645 Utique
357 3566 420 3629 diei
436 3571 543 3646 potest
556 3568 699 3630 noluisse
714 3569 834 3630 Lucam
850 3584 1035 3630 sermonem
1050 3568 1168 3630 inferre
1184 3567 1223 3628 de
1240 3568 1279 3628 iis
1300 3568 1353 3646 qui
1372 3567 1412 3627 ad
1433 3568 1550 3629 testum

224 3680 263 3725 eo
274 3663 497 3743 migraverint,
515 3665 591 3744 quia
604 3664 809 3727 notissimum
823 3669 892 3727 erat
909 3665 966 3727 tali
980 3668 1126 3745 tempore
1139 3665 1259 3727 multos
1274 3664 1386 3726 adosse
1409 3664 1552 3743 peregri·

225 3777 295 3822 nos.
317 3761 416 3823 Porro
437 3761 534 3823 etiam
555 3761 684 3823 dilsscile
706 3761 829 3825 creditu
851 3761 954 3824 videri
972 3766 1095 3842 potest,
1119 3762 1207 3841 quod
1229 3780 1268 3823 ex
1291 3763 1379 3823 omni
1405 3761 1549 3831 natione,

226 3874 302 3938 ergo
316 3874 355 3919 er
369 3856 410 3919 iis
421 3874 504 3938 quae
518 3876 549 3920 v.
566 3860 642 3921 llll
659 3859 869 3922 nominantur
886 3859 986 3939 aliqui
1001 3858 1207 3921 domicilium
1227 3859 1259 3919 in
1275 3860 1356 3920 urhe
1369 3859 1552 3921 collocave-

225 3953 300 4016 rint.
317 3953 462 4018 Narratio
476 3955 564 4018 omni
578 3962 701 4018 careret
712 3956 809 4028 nodo,
826 3957 854 4018 si
866 3955 945 4019 illud
957 3959 1144 4023 κατοικοῦντες
1159 3955 1359 4033 doleremus,
1377 3955 1426 4017 rel
1441 3958 1467 4017 si
1483 3962 1548 4018 sta-

226 4058 315 4115 tuere
333 4050 414 4113 velis
434 4070 503 4115 esse
525 4052 699 4117 discrimen
717 4054 802 4116 inter
820 4060 956 4114 κατοικεῖν
972 4054 1000 4113 b
1019 4059 1053 4116 et
1071 4076 1134 4114 κατ.
1148 4070 1224 4114 cum
1244 4054 1439 4115 accusativo.
1459 4054 1550 4125 Quod

226 4149 337 4228 utique
347 4166 414 4211 non
425 4150 495 4212 sine
505 4149 572 4212 ulla
583 4150 708 4213 ratione
717 4149 816 4213 asseri
828 4155 945 4231 potest.
961 4151 1043 4233 Nam
1054 4152 1109 4214 ubi
1126 4150 1165 4212 dc
1178 4152 1339 4212 constanti
1354 4150 1551 4210 habitatione

227 4263 333 4309 sermo
351 4250 416 4318 est,
432 4246 570 4327 legimus
586 4255 722 4309 κατοικεῖν
736 4245 915 4329 Ἰερουσαλήμ
932 4249 1020 4323 l,ts;
1036 4250 1101 4321 29.
1123 4251 1177 4321 1⁴3
1194 4249 1277 4320 ulit,
1301 4247 1376 4308 item
1396 4250 1470 4320 9‚3⁶.l
1489 4271 1550 4307 κατ.

227 4343 330 4417 Λύδδα,
346 4345 419 4414 935
440 4342 488 4404 aul
502 4343 548 4404 τὸν
565 4346 692 4426 Σαρῶνα,
711 4342 999 4422 19,1οκἡνἈσίκν;
1022 4347 1114 4417 19,st
1133 4343 1181 4417 τὴν
1199 4342 1325 4424 Ἔφεσον.
1347 4345 1409 4406 Sed
1430 4345 1486 4406 ubi
1506 4345 1546 4406 de

227 4441 423 4516 habitatione
435 4441 551 4505 solum
571 4459 629 4522 per
647 4443 780 4522 aliquod
798 4430 928 4524 tempus
942 4460 1050 4506 sermo
1068 4448 1132 4518 est,
1151 4443 1279 4523 saepius
1298 4441 1551 4522 deprehenditur

227 4540 270 4613 ιη
285 4538 331 4600 ita
345 4541 397 4611 ’13
412 4538 572 4602 abraham
587 4541 691 4604 solum
705 4557 765 4621 per
777 4545 907 4621 tempus
920 4540 1079 4604 habitavit
1093 4541 1127 4602 in
1145 4541 1283 4614 Charan3
1299 4542 1377 4602 item
1394 4544 1462 4611 i,t;
1480 4539 1550 4601 ride

226 4635 315 4709 9323
344 4639 454 4713 ttae,
479 4637 570 4710 1337
594 4636 626 4698 in
648 4637 825 4701 Ierusalem
847 4637 917 4719 (ubi
943 4638 984 4701 de
1004 4637 1045 4700 iis
1072 4656 1201 4718 quoque
1226 4656 1331 4701 sermo
1359 4644 1408 4699 est
1433 4639 1488 4716 qui
1511 4638 1550 4698 ad

226 4732 345 4812 pascha
359 4734 526 4807 veneranti
543 4738 576 4797 et
593 4735 690 4797 Hebr.
705 4736 780 4808 ll,9
799 4740 832 4798 et
849 4735 984 4798 fumasse
999 4737 1098 4798 etiam
1112 4739 1182 4798 Aet.
1199 4738 1272 4808 ⁷‚48
1292 4740 1324 4798 et
1342 4738 1443 4812 liii.
1461 4736 1550 4796 bith-
