4154 5452
80 306 83 315 ·
189 301 279 373 'roe
679 277 682 283 ’
761 316 993 388 recessi-25.

217 464 294 530 loco
309 467 425 532 nostro
438 463 574 533 videtur
586 464 671 533 addi
688 487 752 557 per
763 471 814 535 καὶ
828 464 1070 556 explicativum
1087 481 1098 529 τ
1114 468 1149 528 et
1165 463 1309 551 quidem
1324 471 1438 529 totum
1450 482 1549 529 seno·

218 580 293 635 tum
313 576 561 655 convocarunt,
575 578 615 639 ut
632 571 705 639 scil.
723 592 827 660 quam
850 567 993 659 plurimi
1013 587 1201 634 assessores
1218 567 1396 649 adessent,
1413 566 1490 651 vel,
1508 571 1548 634 ut

76 718 82 725 ·
217 675 271 743 Bl.
296 675 379 745 dicit
402 701 410 748 ε
437 705 455 740 «
476 677 530 744 bis
549 675 642 745 idem
665 675 879 762 significetur
902 671 1022 740 addita
1043 671 1195 739 formula
1216 673 1437 742 sollemniore
1462 677 1542 763 post

217 805 345 851 nomen
363 784 541 872 vulgatum
562 803 600 862 νς
620 778 778 847 similiter
797 777 890 846 Beel.
905 778 954 845 uit
971 783 1133 846 senatum
1153 799 1227 844 esse
1250 782 1412 848 coactum
1436 799 1544 871 quam

214 889 526 980 frequentissimum
541 886 600 975 (cf.
623 884 707 952 Feli.
734 882 891 973 Wendt);
908 892 1057 974 συνέδρων
1077 884 1404 953 dicere-concilium
1428 907 1546 954 sacer-

218 993 339 1063 dotum
360 991 635 1080 scribarumque,
656 999 812 1078 γερουσίαν
840 996 998 1059 senatum
1024 991 1050 1061 i.
1073 1014 1105 1059 e.
1127 990 1280 1059 seniores
1301 991 1483 1081 populiet
1503 1013 1546 1059 ex

14 1064 53 1097 Α
143 1158 145 1163 ,
219 1099 388 1169 ambobus
407 1095 565 1164 constitui
583 1083 671 1163 brun
688 1100 819 1189 parurn
834 1096 1034 1185 synedrium
1052 1101 1328 1185 magnum„ticv
1342 1107 1377 1164 rt
1392 1104 1546 1185 συνέδριον

222 1205 348 1297 (naeth.
370 1209 483 1286 ress.
506 1207 604 1272 nare.
626 1209 745 1288 ir,55;
773 1209 865 1288 15,1.
886 1209 959 1272 set.
977 1203 1098 1289 aare)
1121 1205 1220 1271 Patr.
1242 1207 1375 1285 censen
1399 1200 1461 1268 alu
1483 1198 1545 1269 de-

221 1331 317 1378 mum
334 1312 458 1400 putant
471 1314 607 1400 praeter
619 1307 828 1397 synedristas
848 1307 952 1377 etiam
967 1307 1157 1395 collegium
1172 1309 1349 1399 quoddam
1365 1306 1544 1376 seniorum

221 1414 383 1484 exstitisse
400 1421 434 1484 et
452 1421 674 1484 convocatum
692 1415 812 1499 fuisse,
829 1437 898 1505 quo
917 1413 1067 1501 collegio
1083 1415 1232 1505 populus
1250 1419 1543 1505 repraesentetur,

221 1522 321 1592 sicuti
342 1522 511 1613 primores
528 1520 832 1613 per.syncdristas;
850 1541 970 1587 verum
983 1520 1050 1610 ipsi
1064 1521 1216 1588 seniores
1239 1525 1420 1611 tamquam
1437 1542 1546 1588 mem·

221 1630 287 1697 bra
306 1626 457 1717 synedrii
478 1630 697 1695 recensentur
719 1625 811 1716 (Luc.
833 1628 966 1713 22,66);
984 1638 1027 1693 et
1046 1625 1217 1694 miserunt
1239 1625 1289 1694 cd
1312 1649 1485 1695 cmcerem
1507 1639 1546 1693 ut

223 1732 475 1801 adducerentur
487 1732 644 1823 apostoli.
888 1750 890 1753 ’

268 1838 401 1927 Angeia
426 1839 550 1907 comite
572 1839 621 1906 ita
644 1837 758 1907 educti
781 1843 881 1907 erant
900 1837 1065 1931 apostoli,
1090 1844 1129 1907 ut
1148 1859 1252 1906 nemo
1273 1837 1311 1906 id
1337 1837 1545 1921 adverterit3

227 1968 260 2016 v.
277 1951 321 2013 22
334 1932 415 2014 cum
429 1957 544 2013 autem
557 1944 728 2013 omisserit
744 1945 898 2014 minmtri
911 1957 946 2014 et
957 1955 1078 2036 aperto
1092 1965 1229 2013 carcerc
1246 1946 1317 2013 non
1339 1944 1549 2013 invenissent
1583 2013 1588 2022 ,

227 2051 322 2137 illos,
339 2050 465 2119 reversi
485 2050 731 2119 nuntiarentur
752 2072 785 2118 v.
803 2057 845 2120 23
868 2050 1019 2120 dicentes
1038 2071 1054 2119 .·
1067 2073 1241 2120 carcerem
1257 2047 1397 2142 quidem
1416 2050 1551 2120 inueni·

228 2179 304 2226 mus
323 2156 480 2225 clausum
499 2179 577 2226 cum
596 2157 690 2225 omni
707 2154 892 2248 diliqentia
903 2170 936 2225 et
949 2170 1105 2226 custodes
1127 2170 1257 2226 stantes
1278 2170 1359 2226 onte
1375 2158 1552 2245 danuam

231 2255 422 2355 aperierates
439 2275 554 2331 autem
574 2263 746 2333 neminem
769 2263 865 2336 intus,
887 2263 1103 2351 invenimus,·
1115 2263 1341 2355 inquisitione
1359 2263 1478 2354 itaque
1500 2263 1553 2331 di·

230 2370 381 2458 ligenter
397 2369 488 2437 iacta
507 2370 685 2439 constabat
702 2374 841 2439 testatos
859 2390 932 2439 esse
953 2371 1135 2439 constodes
1157 2370 1201 2438 de
1220 2391 1359 2439 carcere
1378 2371 1494 2438 clauso
1520 2378 1553 2437 et

232 2475 276 2543 de
288 2474 444 2543 custodia
456 2480 614 2544 accurate
625 2476 731 2561 lacu,
748 2481 782 2544 et
802 2475 906 2544 simul
924 2475 1064 2545 evidens
1082 2482 1158 2544 erat
1170 2477 1343 2567 apostolos
1363 2498 1435 2544 nou
1450 2475 1554 2543 luisse

231 2584 269 2650 in
291 2603 426 2650 carcerc
444 2587 614 2673 repertos3
634 2603 668 2649 v.
693 2587 735 2649 tt
757 2594 797 2649 ut
815 2594 931 2650 autem
953 2580 1143 2650 audierunt
1164 2581 1225 2650 lios
1243 2604 1417 2651 samsones
1443 2582 1556 2672 nraqi·

232 2699 359 2756 stratus
369 2686 514 2778 templis
529 2692 695 2777 πρατηγὲς
706 2687 749 2756 ei,
767 2695 842 2772 e,1;
856 2701 889 2756 et
899 2687 1075 2780 principes
1088 2688 1319 2777 secerdotum,
1336 2689 1558 2780 ambiqebent

233 2793 276 2863 de
299 2792 370 2862 illis
391 2791 558 2886 quidnam
574 2793 674 2884 fieret
689 2800 847 2884 διηπὸρονν
864 2794 1012 2863 maxime
1031 2793 1132 2862 dubii
1155 2803 1271 2879 erant,
1289 2796 1497 2864 consternati
1522 2800 1556 2862 et

232 2900 370 2969 solliciti
384 2900 428 2969 de
443 2901 499 2968 his
517 2923 565 2970 sc.
585 2901 849 2991 quaenuntiata
869 2907 983 2985 erant,
999 2908 1034 2971 et
1059 2901 1277 2992 quaerebant
1299 2903 1391 2969 inter
1411 2923 1448 2969 se
1469 2910 1499 2971 τί
1522 2908 1555 2970 ἂν

233 3017 348 3096 γένοιτο
361 3023 448 3077 τοῦτο
459 3005 542 3097 quid
557 3006 625 3075 hcc
637 3007 766 3074 iactum
777 3004 858 3074 siti.
873 3028 905 3075 e.
919 3005 1094 3098 quomodo
1109 3007 1177 3075 hoc
1191 3014 1310 3099 posset
1323 3030 1395 3075 esse
1410 3008 1554 3075 factum.

235 3118 320 3183 Rem
343 3112 513 3205 explicare
534 3134 606 3181 non
625 3116 784 3204 possunt;
808 3112 912 3203 proin
933 3112 1080 3182 scientes
1101 3136 1165 3204 per
1183 3114 1359 3205 apostolos
1376 3114 1447 3181 iam
1467 3115 1557 3181 lacta

236 3240 306 3288 esse
320 3219 422 3308 signa
432 3218 542 3287 multa
554 3216 713 3287 dubitare
724 3217 865 3287 tandem
883 3239 953 3287 non
967 3224 1128 3309 poterant
1139 3220 1226 3310 quin
1241 3210 1423 3310 haec'ipsa
1440 3219 1556 3286 evasio

237 3330 324 3394 esset
355 3347 419 3416 per
449 3323 646 3416 prodigium
674 3325 783 3408 iacta3
811 3329 915 3416 atque
943 3324 981 3391 id
1008 3326 1131 3414 negari
1160 3347 1230 3393 non
1258 3347 1356 3416 posse
1380 3324 1554 3393 viderunt.

237 3438 347 3512 Quare
366 3429 437 3499 iam
455 3431 643 3522 explicatur
659 3429 697 3499 id
716 3429 812 3522 quod
832 3430 994 3499 «criticis
1018 3459 1035 3493 ν
1054 3436 1104 3499 est
1127 3431 1326 3515 offensioni,
1348 3431 1421 3500 scil.
1440 3432 1556 3519 curin

237 3536 505 3626 interrogatione
521 3536 676 3605 iudiciali
687 3535 730 3606 de
749 3536 852 3606 modo
863 3536 1033 3606 evasionis
1046 3559 1117 3606 non
1135 3538 1369 3629 inquisierint.
1388 3538 1558 3605 Nolcbant

237 3644 362 3736 exponi
396 3664 524 3712 novum
555 3643 769 3734 prodigium,
793 3642 886 3733 quod
914 3650 1094 3733 tamquam
1127 3643 1369 3712 testimonium
1399 3643 1555 3711 ditinum

237 3748 367 3818 censeri
383 3748 513 3818 debuit.
529 3748 634 3817 Valde
653 3748 844 3840 prudenter
865 3749 902 3817 id
924 3748 1063 3816 silentio
1085 3756 1266 3839 premunt,
1284 3751 1378 3841 quod
1404 3752 1431 3817 si
1452 3773 1555 3840 expo-

236 3860 377 3925 neretur
395 3876 462 3923 non
484 3859 599 3946 posset
616 3876 687 3923 non
704 3854 849 3923 evadere
866 3854 951 3946 ipsis
970 3855 1120 3923 maxime
1139 3855 1336 3924 molestum.
1358 3861 1407 3924 lta
1427 3857 1557 3946 ubique

235 3967 403 4053 quantum
418 3966 559 4053 possunt
578 3960 744 4028 miracula
761 3966 889 4046 tacent,
903 3960 947 4030 de
968 3960 1038 4029 illis
1061 3960 1160 4052 loqui
1178 3962 1358 4048 refugiunt
1383 3962 1441 4051 (cf.
1459 3968 1553 4044 t,16.

235 4073 330 4137 loon.
345 4074 439 4150 5,12;
464 4068 571 4158 imi).
588 4066 732 4135 Proinde
751 4066 940 4136 secundum
959 4068 1156 4136 animorum
1181 4066 1336 4136 indolem
1357 4067 1460 4136 valde
1475 4090 1557 4135 con·

233 4180 511 4258 sentaneum‘est,
527 4178 567 4265 ut
580 4195 657 4243 eam
668 4173 903 4265 quaestionem
917 4196 988 4242 non
1005 4179 1169 4242 moveant
1179 4181 1214 4242 et
1231 4174 1344 4241 solum
1358 4173 1486 4240 mirum
1508 4181 1558 4240 est

235 4281 328 4372 quod
352 4306 369 4343 «
389 4279 498 4348 critici
518 4307 536 4342 ν
556 4279 592 4347 id
614 4280 736 4348 nolunt
754 4279 870 4348 videre
893 4279 987 4372 quod
1010 4284 1127 4347 umen
1145 4279 1247 4348 valde
1271 4278 1557 4370 psychologieum

237 4394 303 4468 est;
320 4410 352 4456 v.
365 4394 407 4456 25
421 4385 606 4454 adveniens
619 4399 734 4455 aretem
746 4384 890 4479 quidam
902 4385 1081 4454 neentiaoit
1093 4386 1142 4454 eis
1156 4407 1171 4452 .·
1184 4385 1270 4477 quia
1283 4408 1359 4454 ecce
1372 4386 1458 4470 ciri,
1474 4406 1559 4477 quos

213 4496 230 4527 ⁸·
230 4493 396 4585 posuistis
408 4493 446 4561 in
457 4514 637 4579 carcereos,
654 4503 739 4562 scint
752 4493 790 4561 in
803 4491 927 4584 ternplo
940 4504 1070 4561 stantes
1083 4504 1118 4561 et
1132 4492 1290 4562 docentes
1302 4492 1474 4584 populum
1481 4511 1497 4577 ,·
1510 4491 1560 4560 ita

239 4600 409 4692 intrepide
423 4600 576 4669 obsecuti
589 4604 668 4670 sunt
681 4597 907 4669 admonitioni
921 4598 1038 4687 angeli
1053 4621 1086 4665 v.
1102 4604 1159 4667 20.
