4092 5490
228 334 287 395 aaa
791 357 858 402 icc.
883 341 996 415 loa-a.

227 482 341 551 studet
358 486 454 553 Patr.
471 506 632 556 :vnomen
647 489 763 576 gentis
780 510 849 555 non
867 488 1036 574 gerebant
1056 486 1122 553 nisi
1137 486 1199 576 qui
1212 486 1267 555 vel
1290 509 1330 555 ex
1349 489 1424 578 ipsa
1442 500 1555 560 essent

227 590 283 658 vel
297 589 370 660 eius
383 591 502 661 liberti
516 593 685 664 horumve
704 593 769 660 lilii
797 598 856 659 aut
869 592 1013 681 posteri,
1037 591 1092 659 vel
1111 591 1261 682 denique
1276 593 1336 684 qui
1351 593 1498 662 alicuius
1509 618 1555 663 ex

225 717 267 764 ca
286 704 390 786 gente
402 699 569 769 beneficio
579 709 640 766 aut
657 719 764 788 opera
777 696 861 764 civis
881 702 1044 766 romanus
1066 698 1177 768 iactus
1190 699 1315 769 fuerat.
1338 701 1555 769 centurionis

226 825 371 889 munus,
388 828 458 896 quo
471 803 650 872 Cornelius
663 800 886 888 fungebatur,
904 811 1111 893 argumento
1129 811 1180 875 est
1196 828 1275 874 eum
1291 807 1495 876 conditione
1516 808 1556 873 li-

225 911 364 979 bertina
378 933 448 979 non
462 909 568 977 luisse
581 907 642 976 sed
656 906 822 995 ingenua.
838 909 874 977 si
888 933 949 1002 per
973 912 1127 1002 aliquem
1141 935 1160 980 e
1175 917 1279 999 gente
1294 915 1450 982 Cornelia
1464 914 1555 981 obti-

224 1017 352 1085 nuisset
363 1016 475 1083 civem
488 1034 675 1081 romanum
690 1011 784 1099 fieriss
800 1014 889 1084 illud
904 1040 1041 1107 quoqne
1060 1039 1189 1085 nomen
1201 1015 1377 1085 habuisset
1397 1041 1467 1108 quo
1482 1020 1553 1087 iam

221 1123 319 1213 prius
335 1118 524 1188 vocabatur
537 1140 650 1209 eoque
667 1125 785 1211 utpote
799 1122 930 1189 notiore
946 1128 1051 1190 Lucas
1064 1123 1178 1212 ipsum
1196 1126 1366 1204 vocasset,
1385 1124 1553 1212 quemad·

224 1224 369 1295 modum
383 1224 547 1294 Claudius
559 1225 676 1316 Lysias
703 1233 806 1313 23‚26
822 1250 890 1297 non
913 1226 1091 1311 Claudius,
1112 1227 1173 1295 sed
1200 1228 1314 1317 Lysias
1329 1234 1423 1312 Μ.
1439 1235 1482 1296 22
1496 1251 1556 1296 vo·

224 1331 296 1400 cari
309 1332 406 1400 solet.
423 1331 500 1400 Fuit
512 1331 622 1421 igitur
636 1337 754 1400 noster
772 1332 926 1401 centurio
941 1355 981 1400 ox
997 1333 1072 1422 ipsa
1100 1341 1204 1423 gente
1224 1333 1399 1417 Cornelia,
1419 1345 1492 1404 u'na
1512 1333 1556 1402 de

224 1437 421 1529 praecipuis
439 1438 598 1527 gentium
610 1459 847 1527 romanarum.
864 1441 1030 1506 Hactenus
1043 1438 1119 1508 ille.
1141 1442 1207 1508 Sed
1222 1442 1365 1509 fortasse
1379 1441 1488 1510 tutius
1506 1445 1557 1509 est

226 1566 302 1612 rem
316 1544 484 1613 incertam
495 1543 534 1611 in
543 1542 660 1610 medio
676 1543 872 1633 relinquere
885 1567 893 1627 ;
910 1547 1064 1613 centurio
1081 1546 1229 1613 cohortis
1243 1569 1332 1636 quae
1347 1545 1477 1615 dicitur
1489 1548 1558 1616 ita-

228 1650 308 1736 lica,
319 1648 481 1739 quiascil.
492 1647 532 1716 in
542 1671 586 1716 ea
600 1647 783 1717 merebant
798 1649 922 1718 milites
939 1652 973 1718 in
989 1651 1088 1719 ltalia
1102 1652 1175 1719 uati
1187 1652 1371 1740 (Buconica
1386 1652 1429 1721 ad
1439 1675 1497 1721 au.
1514 1659 1553 1723 tl

226 1757 247 1848 ξ
265 1763 299 1839 3,
313 1753 406 1823 Beel.
417 1757 516 1823 Patr.
530 1752 620 1823 Felt.
643 1753 800 1847 Weodt);
820 1757 914 1847 apud
932 1757 1116 1825 arrianum
1130 1770 1150 1842 ἡ
1166 1774 1273 1846 σπεῖρα
1291 1771 1310 1843 ἡ
1339 1758 1471 1842 Ἰταλικὴ
1487 1759 1557 1826 alio

225 1863 303 1930 loco
317 1861 481 1949 dieiturct
501 1859 630 1945 Ἰταλοί;
648 1866 801 1930 ceterum
812 1863 984 1930 habentur
1002 1863 1239 1954 inscriptiones
1255 1865 1424 1931 :eohorsl
1441 1864 1557 1933 Italica
1606 1930 1611 1938 .

226 1967 1557 2052 civiumromanorumvoluntariorumeteohorsmilitarislulicavoluntario,-

226 2096 306 2143 rum
317 2095 408 2164 quae
415 2071 511 2141 estin
523 2071 625 2162 Syria
635 2071 829 2164 (Sctarerl.
842 2097 871 2141 c.
885 2079 942 2165 lp.
954 2074 1046 2163 386).
1058 2074 1155 2144 Unde
1165 2078 1363 2145 conclusum
1374 2081 1425 2144 est
1436 2078 1558 2146 cobor-

226 2186 296 2248 tem
307 2180 462 2248 italicam
474 2179 580 2247 tuisse
596 2201 638 2247 ex
646 2179 780 2248 civibus
795 2181 954 2249 romanis.
969 2181 1035 2248 Sed
1048 2204 1088 2248 ex
1104 2185 1248 2250 Arriano
1264 2182 1308 2251 ad
1324 2205 1453 2253 nomen
1464 2185 1558 2253 vide·

226 2292 284 2354 tur
292 2285 463 2368 sulficere,
475 2283 506 2352 si
517 2284 646 2353 milites
659 2291 759 2353 erant
768 2285 856 2355 ltali.
866 2289 966 2354 Notat
978 2288 1030 2354 Bl.
1046 2307 1055 2355 t
1073 2317 1089 2350 a
1103 2310 1173 2355 non
1184 2296 1257 2358 erat
1271 2289 1408 2377 legio'in
1417 2290 1554 2373 ledaea,

226 2392 288 2460 sed
299 2393 461 2461 cohortes
474 2396 611 2458 tantum
623 2391 815 2475 auxiliares,
829 2397 1011 2462 Caesaream
1026 2394 1166 2485 quidem
1176 2398 1338 2485 quinque,
1356 2400 1395 2463 ut
1406 2395 1554 2478 videtur,

227 2522 246 2567 e
271 2495 535 2570 Caesaransibus
559 2502 595 2564 et
618 2494 811 2567 sebastenis
832 2499 1061 2589 conscriptae3
1091 2501 1133 2569 de
1163 2529 1179 2564 «
1212 2500 1414 2568 cohortibus
1435 2500 1557 2568 italicis

228 2604 356 2675 civium
372 2613 411 2678 R.
433 2610 713 2679 voluntariorum
731 2636 765 2692 s,
780 2630 821 2675 ex
835 2607 965 2675 civibus
988 2611 1085 2675 Rom.
1109 2608 1147 2674 in
1165 2606 1262 2674 ltalia
1283 2607 1372 2675 natis
1387 2607 1557 2698 composi·

227 2710 284 2795 tis,
297 2734 388 2803 quae
402 2717 535 2786 multae
548 2723 650 2786 erant
659 2739 722 2808 per
731 2712 935 2807 provincias,
949 2735 983 2780 v.
999 2711 1194 2803 tlarquardt
1203 2752 1248 2763 -
1257 2718 1442 2782 Mommsen
1459 2717 1554 2781 Rom.

228 2817 295 2887 alt.
313 2824 351 2887 V.
366 2828 444 2893 t59..
464 2823 563 2902 Quod
578 2830 695 2892 autem
709 2826 815 2910 negat
828 2819 976 2887 Schurer
991 2818 1122 2908 (Geseh.
1140 2817 1175 2885 d.
1186 2817 1264 2906 jud.
1280 2823 1316 2887 V.
1335 2820 1439 2909 1386)
1456 2820 1557 2888 luisse

229 2924 341 2994 videri
356 2927 418 2996 illo
428 2936 587 3021 tempore
601 2934 785 2999 Caesareae
799 2926 976 2993 cohortem
992 2924 1155 3006 ltalicam‚
1174 2925 1380 3015 quaesierim
1395 2925 1557 3016 equidem

229 3052 270 3100 ex
294 3033 370 3102 viro
384 3034 598 3119 doctissimo,
625 3033 750 3126 quidni
769 3031 887 3100 inillis
912 3030 1065 3121 quinque
1083 3031 1281 3098 cohortibus
1302 3053 1372 3098 una
1392 3031 1496 3099 luerit
1519 3053 1557 3099 ex

229 3138 363 3209 civibus
380 3146 419 3212 ll.
438 3142 500 3233 qni
519 3146 706 3235 Gaesarem
724 3138 927 3208 Sebastaeve
946 3136 1162 3204 domicilium
1181 3137 1433 3205 constituerant
1451 3166 1482 3206 a.
1500 3141 1558 3206 Ce-

138 3282 141 3286 1
229 3253 342 3316 terum
367 3247 440 3317 iam
463 3247 638 3317 Baroaius
657 3245 790 3316 monuit
814 3265 939 3312 nomen
971 3265 1041 3309 non
1069 3264 1141 3310 esse
1171 3242 1452 3312 commutandum
1478 3264 1556 3310 cum

229 3351 370 3441 legione
400 3354 536 3437 ltalica3
560 3376 644 3423 nam
665 3354 813 3445 primam
840 3348 1013 3437 legionem
1042 3348 1193 3416 Italicam
1214 3371 1235 3415 a
1260 3352 1392 3417 Nerone
1417 3350 1557 3418 demum

230 3480 303 3527 esse
334 3459 547 3543 institutam,
578 3458 766 3528 secundam
804 3462 839 3525 et
875 3454 1009 3523 tertiam
1042 3476 1064 3521 a
1097 3459 1206 3521 llarco
1240 3455 1377 3523 Aurelio
1410 3456 1557 3550 Antonio

232 3565 291 3655 (cl.
304 3568 403 3637 Patr.
413 3567 501 3635 sete.
508 3587 526 3653 ,·
540 3565 644 3656 plura
658 3586 796 3656 quoque
811 3562 902 3654 apud
922 3560 1069 3649 Wctst.).
1089 3566 1178 3628 Bene
1193 3560 1319 3629 dicitur
1333 3569 1555 3651 ἑκκτεντάρχης

230 3679 265 3740 ἐκ
281 3680 405 3761 σπείρης
422 3671 485 3764 (ita
495 3671 671 3763 plerique)
688 3670 842 3738 centurio
856 3691 898 3734 ec
919 3667 1076 3746 cohorte;
1091 3666 1215 3734 cohors
1235 3667 1326 3734 euim
1346 3690 1386 3734 ex
1402 3689 1458 3735 sex
1480 3690 1554 3736 cen·

229 3776 330 3846 turiis
343 3778 541 3861 constabat3
558 3776 723 3846 centuriis
744 3782 925 3866 praeerant
948 3773 1176 3842 centuriones.
1198 3778 1319 3841 Decem
1338 3774 1477 3842 tandem
1500 3796 1556 3842 co-

231 3883 348 3951 hortes
364 3905 471 3952 unam
481 3883 680 3953 efficiebant
693 3881 882 3969 legionem.

275 3989 454 4059 Cornelius
477 3989 635 4059 centurio
658 3994 734 4058 erat
751 4011 785 4054 v.
809 3986 1028 4077 treliqiosus
1046 3993 1167 4070 εὒσεεής
1183 3993 1240 4071 25
1260 3986 1353 4077 pius,
1373 4009 1414 4054 ac
1433 3987 1555 4054 timeris

230 4100 357 4184 Dm,
391 4103 552 4181 ruffine
575 4118 617 4165 ca
647 4093 822 4164 locutione
860 4094 1081 4180 designantur
1109 4093 1292 4185 proselyti,
1317 4092 1465 4180 gentiles
1494 4094 1555 4183 qui

230 4224 447 4292 synagogam
468 4202 754 4294 frequentabant,
784 4199 847 4289 qui
877 4200 960 4266 alias
990 4206 1143 4284 σεεὲμενει
1160 4211 1209 4269 τὸν
1228 4202 1306 4269 Geta
1335 4197 1555 4289 appellantur

231 4309 362 4399 (mas.
384 4316 583 4393 50316‚1t;
604 4306 906 4393 1'1‚t.17‚18‚'1);
927 4328 1031 4396 quare
1055 4305 1230 4374 Cornelius
1254 4303 1427 4394 aliquibus
1450 4306 1554 4374 etiam

230 4415 425 4505 proselytus
454 4414 558 4484 fuisse
590 4415 729 4484 videtur
757 4411 884 4506 (Galat.
912 4412 1051 4500 Wendt,
1092 4411 1225 4501 Weiss).
1255 4416 1389 4499 Negant
1419 4410 1479 4479 alii
1511 4411 1557 4480 oh

120 4592 123 4597 ⁴
229 4540 264 4590 r.
277 4529 332 4591 28.
349 4528 393 4591 35
408 4528 549 4606 et11‚1.
568 4528 625 4602 183
645 4528 737 4605 15‚·1.
751 4519 817 4589 Sed
830 4520 871 4586 iis
884 4518 921 4585 in
935 4519 1136 4587 memoriam
1151 4518 1380 4587 revocandum
1396 4518 1553 4609 estquod

232 4627 380 4715 legimus
408 4628 481 4698 Gal.
516 4634 615 4713 9.,12ς
641 4627 711 4718 ipsi
739 4624 1056 4695 ludaecchn‘stiani
1093 4624 1328 4694 abhorrebant
1357 4624 1553 4693 societatem

230 4754 367 4804 mensae
382 4756 462 4804 cum
484 4733 853 4815 ethnico-christianis3
878 4754 990 4800 nonne
1005 4732 1070 4800 hoc
1085 4731 1269 4800 sufficienti
1283 4738 1332 4800 est
1346 4739 1553 4819 argumento
