4092 5490
1017 364 1026 377 “
1060 417 1128 461 rer.
1153 372 1292 472 sse-rs.
1579 382 1583 392 ’
1781 401 1840 462 rso

513 556 663 620 orans'et
676 550 751 618 vidi
767 551 806 616 in
825 568 967 616 excessu
981 550 1105 615 mentis
1126 549 1150 615 i.
1175 569 1206 617 e.
1224 548 1260 615 in
1282 547 1400 616 ecstasi
1422 546 1553 636 (10,10)
1577 545 1759 635 visionem,
1780 551 1840 618 de-

511 657 674 726 scendens
687 677 746 722 oas
755 651 932 744 quoddam
944 654 1038 721 uelut
1049 654 1196 722 linteum
1208 674 1374 746 maqnum
1386 663 1549 745 quattuor
1559 651 1669 719 initiis
1682 656 1840 722 extremi-

507 765 657 844 tatibus,
679 758 837 826 submitti
860 758 903 826 de
923 761 1033 846 coelo,
1061 767 1208 830 et'nunc
1231 762 1425 830 accuratius
1446 758 1585 827 additur
1613 756 1707 850 quod
1737 747 1837 840 10,11

511 890 581 935 non
600 864 751 933 hahetur
772 886 780 948 ;
801 877 834 932 et
849 865 1069 958 vetut-usque
1086 865 1135 935 ad
1153 888 1207 936 me
1212 889 1228 952 ;
1246 891 1280 934 v.
1305 874 1325 935 6
1345 867 1384 933 in
1402 863 1498 958 quod
1521 866 1659 951 intuens
1682 862 1840 932 conside-

511 968 646 1059 rabam,
665 972 717 1039 ita
736 971 874 1062 plenius
897 995 993 1040 suam
1022 972 1184 1063 depingit
1205 963 1429 1040 attentionem
1448 977 1482 1039 et
1502 972 1642 1061 exponit
1660 970 1746 1058 quid
1766 971 1840 1038 ani-

511 1077 734 1147 madverterit
749 1099 758 1146 ι
776 1090 810 1146 et
827 1077 904 1145 cidi
927 1075 1172 1168 quadrupedia
1191 1089 1301 1146 terroe
1323 1091 1357 1145 et
1375 1068 1500 1145 bestias
1517 1083 1566 1145 nul
1587 1079 1623 1145 τὰ
1643 1084 1731 1163 θηρία
1751 1075 1841 1143 ieras

508 1185 635 1253 bestias
646 1186 719 1268 ,de
736 1184 866 1273 quibus
883 1188 986 1263 10,12
1000 1205 1072 1251 non
1089 1185 1180 1251 lacta
1194 1188 1245 1250 est
1260 1184 1404 1267 mentio,
1421 1196 1455 1250 et
1471 1181 1611 1273 reptilia
1631 1194 1665 1250 et
1683 1179 1840 1249 volatilia

509 1290 617 1376 eoeli;
631 1290 802 1357 rationem
817 1288 900 1354 lacti
916 1288 969 1356 sui
984 1289 1127 1377 egregie
1147 1287 1262 1356 reddit
1276 1293 1310 1356 et
1323 1287 1527 1379 prudentem
1544 1294 1652 1356 totam
1668 1287 1771 1355 huius
1790 1288 1840 1355 rei

511 1417 649 1463 causam
665 1393 710 1461 ad
720 1399 826 1462 neum
840 1398 1017 1461 auctorem
1033 1396 1154 1479 refert,
1172 1396 1221 1463 ita
1232 1400 1272 1464 ut
1289 1394 1377 1462 nihil
1389 1394 1462 1484 ipse
1479 1394 1544 1460 nisi
1557 1394 1793 1483 praemonitus
1807 1398 1840 1462 et

511 1502 619 1568 iussus
634 1498 751 1567 iecisse
766 1499 1050 1589 deprehendatur
1064 1500 1121 1590 (cl.
1147 1500 1225 1571 etr.
1248 1502 1324 1569 Oea.
1349 1498 1493 1589 Theopla.
1517 1498 1581 1566 Sal
1618 1498 1661 1587 .);
1679 1521 1712 1567 v,
1736 1507 1755 1565 7
1778 1521 1840 1565 au-

511 1605 584 1673 divi
596 1617 714 1673 autem
733 1617 767 1672 et
781 1627 897 1673 uocem
915 1605 1086 1674 dicentem
1100 1607 1190 1676 milti
1203 1629 1216 1673 .·
1228 1630 1330 1698 surpe
1340 1609 1456 1694 Petre,
1477 1603 1590 1674 occide
1604 1618 1637 1673 et
1651 1604 1841 1690 manduca·

511 1735 543 1780 v.
561 1717 581 1780 8
605 1711 689 1798 tini„
704 1724 820 1779 autem
846 1733 1112 1804 :neqrmquom,
1129 1713 1289 1797 Domine,
1307 1714 1390 1803 quio
1409 1734 1589 1781 commune
1607 1724 1668 1780 aut
1688 1711 1840 1779 imnum·

513 1815 596 1885 dum
615 1840 796 1909 nunquam
811 1817 971 1885 introivit
985 1820 1023 1886 in
1033 1841 1070 1885 os
1079 1840 1211 1902 meum,
1229 1824 1282 1886 est
1293 1817 1421 1886 locutio
1435 1816 1669 1885 hebraismum
1682 1816 1841 1885 redolens

513 1924 932 2014 (Bl.),10,1tnunquam
959 1923 1186 2006 manducavi3
1208 1950 1226 1987 a
1257 1923 1386 2007 vidue,
1402 1921 1498 2014 quod
1519 1944 1633 1991 meum
1649 1928 1724 1990 erat
1742 1921 1835 1990 leci:

511 2028 582 2096 dixi
600 2049 783 2117 nunquam
795 2027 948 2111 comedi;
966 2029 1035 2097 hoc
1049 2030 1094 2098 ad
1116 2029 1153 2097 id
1166 2029 1270 2120 quod
1281 2030 1445 2098 dicebant
1462 2028 1512 2096 illi
1535 2028 1709 2100 :introisti
1731 2033 1763 2096 et
1782 2051 1842 2096 co·

511 2133 645 2201 medisti
660 2154 740 2202 eum
753 2132 823 2201 illis
841 2160 858 2196 n
876 2133 1000 2225 (Chr.);
1016 2159 1050 2203 v,
1069 2143 1089 2204 9
1107 2134 1283 2227 respondit
1297 2147 1487 2203 autemvoor
1501 2134 1650 2202 secundo
1664 2133 1706 2201 de
1721 2134 1813 2201 coelo
1827 2154 1840 2197 .·

510 2260 598 2330 petae
620 2242 706 2306 Dezts
725 2238 927 2327 mundarit,
946 2253 985 2307 tu
1009 2263 1053 2308 ne
1078 2263 1259 2309 commune
1274 2240 1423 2325 diaeris;
1441 2263 1473 2307 v.
1496 2245 1537 2306 10
1557 2237 1619 2307 lroc
1637 2251 1751 2305 autem
1762 2241 1841 2328 sao·

513 2359 586 2413 tum
605 2358 656 2413 est
669 2367 738 2436 per
758 2356 808 2412 ter
826 2358 859 2412 et
877 2357 1014 2437 recepta
1032 2357 1113 2414 sunt
1131 2346 1250 2413 omnia
1276 2368 1412 2415 rursum
1437 2345 1475 2413 in
1498 2345 1646 2431 coelum,
1670 2348 1838 2431 ἀνεσπάσθη

511 2454 642 2536 ἅπαντα,
671 2454 1012 2539 intumescentem
1027 2468 1145 2535 σκεῦος.

553 2556 636 2625 vide
656 2556 831 2647 quomodo
851 2578 887 2624 se
912 2557 1076 2626 defendat
1097 2558 1219 2626 nolens
1239 2558 1390 2627 doctoris
1404 2558 1607 2626 auctoritate
1623 2558 1690 2637 uti3
1712 2556 1840 2624 sciebat

510 2661 601 2728 enim
625 2684 661 2730 sc
692 2668 824 2752 quanto
850 2662 1039 2751 modestius
1063 2663 1284 2755 loquebatur,
1305 2669 1401 2732 tanto
1423 2663 1533 2750 magis
1555 2661 1634 2730 illos
1656 2668 1837 2753 capturum

509 2788 579 2835 esse
598 2766 726 2856 (Clu.);
743 2790 776 2835 v.
797 2774 837 2836 11
854 2781 888 2836 et
901 2790 978 2847 eece
991 2768 1061 2838 oiri
1074 2783 1142 2838 tres
1155 2769 1340 2859 confestim
1354 2768 1539 2837 astiterunt
1553 2767 1590 2836 in
1603 2766 1704 2836 domo
1718 2768 1755 2835 in
1767 2789 1839 2858 qua

509 2895 620 2958 eram,
639 2873 695 2941 vel
714 2895 838 2960 graece
855 2865 1037 2960 teramus,
1054 2875 1128 2944 soil.
1144 2876 1214 2943 iam
1235 2874 1373 2966 respicit
1386 2876 1493 2944 socios
1504 2897 1537 2943 v.
1556 2881 1597 2942 12
1618 2896 1704 2966 quos
1722 2894 1838 2942 seeum

509 2978 685 3060 adhibuit,
703 2978 802 3046 missi
816 3002 839 3047 o
857 2981 1026 3049 Caesarea
1044 2980 1093 3049 ad
1111 3000 1186 3068 me‚·
1204 3004 1238 3049 r.
1258 2987 1298 3049 12
1314 2979 1406 3049 aiau
1424 2991 1539 3049 autem
1559 2979 1713 3070 Spiritus
1731 2979 1835 3065 milri,

508 3097 547 3151 ut
568 3084 654 3151 irene
680 3106 760 3152 eum
786 3084 860 3152 illis
885 3085 978 3154 nibil
1002 3086 1191 3172 haesitans,
1211 3086 1351 3155 brevius
1371 3107 1477 3177 quam
1503 3092 1616 3171 10,19.
1641 3092 1684 3152 20
1706 3106 1760 3153 res
1783 3106 1838 3151 re·

508 3190 632 3271 fertum
663 3190 720 3257 hic
751 3198 842 3277 μηδὲν
868 3199 1057 3281 διακρίναντα
1082 3215 1154 3261 non
1176 3192 1305 3261 faciens
1332 3191 1535 3277 discrimen,
1559 3192 1650 3260 inter
1672 3190 1837 3259 ledaeum

509 3296 581 3363 scil.
599 3301 633 3362 et
652 3295 904 3383 alienigenam
924 3297 976 3366 ibi
993 3307 1084 3384 μηδὲν
1102 3305 1325 3389 διακρινόμενος
1344 3298 1433 3366 nihil
1448 3298 1637 3380 haesitans,
1653 3297 1835 3377 dubitans,

508 3400 531 3469 i.
551 3423 581 3468 e.
605 3405 722 3470 utrum
743 3402 846 3470 liceat
868 3425 978 3473 necne
991 3403 1043 3471 ire
1060 3426 1138 3472 cum
1160 3405 1214 3474 iis.
1233 3404 1299 3473 Sed
1319 3410 1504 3495 utrumque
1529 3404 1676 3472 eundem
1695 3403 1837 3472 tandem

508 3528 645 3574 sensum
668 3506 824 3589 exhibet3
841 3530 926 3577 nam
940 3531 982 3577 eo
1001 3510 1077 3600 ipso
1095 3510 1189 3601 quod
1203 3509 1344 3579 iubetur
1363 3510 1415 3578 ire
1435 3509 1525 3578 nihil
1544 3509 1725 3591 dubitans,
1742 3508 1838 3576 iube-

508 3618 566 3679 tur
579 3611 720 3689 ,nullum
738 3613 851 3682 facere
870 3613 1075 3699 discrimen,
1092 3615 1153 3684 sed
1168 3637 1247 3684 cum
1266 3615 1309 3684 iis
1329 3616 1380 3683 ire
1401 3616 1487 3683 acsi
1508 3615 1625 3683 ludaei
1645 3623 1767 3683 essent.
1785 3614 1838 3682 Uti

508 3718 545 3785 in
557 3717 686 3808 triplici
701 3718 900 3788 narratione
918 3720 963 3790 de
980 3723 1203 3790 conversione
1217 3722 1329 3806 Sauli,
1345 3721 1396 3790 ita
1410 3722 1468 3790 hic
1484 3725 1590 3790 Lucas
1608 3720 1752 3789 minime
1770 3720 1838 3787 sol-

507 3823 622 3891 licitus
650 3830 701 3891 est
728 3824 832 3915 plane
859 3825 982 3895 eadem
1009 3829 1116 3895 verba
1145 3848 1302 3910 servare;
1333 3827 1457 3896 exinde
1480 3834 1595 3895 autem
1621 3826 1837 3913 distinguere

507 3929 597 3996 inter
619 3930 752 3997 fontem
771 3935 806 3998 et
828 3932 1047 4002 reductorem
1067 3933 1209 4025 (Weiss)
1223 3933 1382 4002 subtilius
1403 3939 1455 4002 est
1475 3939 1509 4001 et
1528 3934 1669 4002 omnino
1688 3931 1838 4021 gratuito

507 4034 671 4116 infertum
689 4042 815 4126 quotus
836 4037 931 4105 enim
947 4040 1092 4130 quisque
1110 4044 1273 4109 eventum
1288 4039 1435 4109 eundem
1454 4060 1557 4131 quem
1576 4039 1630 4107 bis
1644 4045 1738 4107 terve
1757 4060 1837 4106 nar·

507 4145 560 4207 rat
581 4162 719 4231 semper
737 4141 860 4210 iisdem
879 4144 985 4234 plane
1003 4146 1119 4215 verbis
1132 4145 1206 4215 sine
1223 4146 1296 4214 ulla
1320 4145 1509 4215 mutatione
1528 4145 1736 4237 explicabit?
1750 4149 1837 4213 Gon·

508 4245 650 4314 cedatur
670 4246 789 4337 itaque
811 4248 917 4316 etiam
939 4252 1071 4319 auctori
1093 4274 1191 4322 sacro
1208 4253 1302 4343 quod
1315 4250 1409 4320 inter
1423 4251 1580 4320 homines
1599 4252 1674 4319 lieri
1696 4251 1834 4319 assolet!

508 4356 597 4420 Bene
614 4358 713 4421 notat
734 4353 814 4424 ctr.
833 4375 846 4422 .·
863 4381 880 4417 a
902 4355 1001 4441 vide,
1019 4357 1112 4448 quod
1135 4359 1283 4449 Spiritus
1300 4359 1343 4426 sit
1368 4356 1537 4446 legislatio
1553 4360 1593 4424 a?
1607 4362 1699 4444 Ergo
1722 4355 1836 4423 relide

509 4480 605 4525 suam
620 4463 737 4528 tuetur
750 4482 889 4559 eausam
906 4484 914 4529 :
931 4462 1019 4530 visio
1034 4468 1087 4531 ter
1102 4464 1134 4531 ei
1153 4463 1220 4532 luit
1233 4462 1403 4547 exhibita,
1420 4485 1460 4531 ac
1473 4485 1538 4554 per
1552 4463 1717 4554 Spiritum
1737 4462 1839 4529 discit

510 4561 720 4650 legationem
738 4566 857 4635 adesse
873 4590 892 4636 a
909 4568 1067 4637 Cornelio
1086 4573 1121 4638 et
1145 4570 1190 4639 ab
1205 4592 1248 4640 eo
1265 4569 1404 4638 iubetur
1420 4569 1471 4637 ir'e
1491 4567 1651 4660 (Salm.);
1672 4581 1839 4635 venerunt

509 4680 623 4736 autem
637 4691 772 4738 mecum
796 4685 829 4741 et
845 4696 906 4742 see
915 4676 1046 4764 fratres
1063 4675 1123 4744 isti
1127 4696 1142 4760 ;
1152 4698 1339 4745 numerum
1358 4677 1528 4745 sociorum
1544 4698 1635 4743 nunc
1656 4674 1835 4757 discimus;

508 4775 610 4843 simul
631 4775 694 4844 hos
708 4777 827 4847 adesse
839 4785 1022 4872 tamquam
1036 4788 1136 4851 testes
1151 4805 1271 4852 eorum
1293 4804 1382 4873 quae
1403 4781 1495 4872 apud
1511 4781 1703 4850 Cornelium
1718 4803 1837 4849 erene-
