4092 5490
1077 447 1145 501 scr.
1170 432 1286 503 labb.
1781 438 1840 499 259

506 603 586 672 pem
609 585 726 676 Moysi
728 604 744 671 ,·
758 606 800 651 ex
825 582 934 650 altere
952 578 1103 646 lectione
1122 578 1190 646 huc
1213 578 1385 669 postulant
1402 578 1428 645 ii
1447 580 1615 649 induistae
1630 584 1693 673 qni
1713 607 1754 652 ex
1772 593 1842 655 An·

506 691 633 759 tinebia
659 688 891 759 ascenderant
913 687 951 753 in
978 683 1186 766 ierusalem3
1213 682 1378 752 eiusmodi
1402 683 1550 754 adfuisse
1573 692 1608 755 et
1628 688 1733 755 simul
1756 713 1837 758 cnm

504 797 580 864 aliis
601 794 807 886 postulasse,
829 790 920 859 nihil
949 790 1059 859 habet
1080 813 1102 860 a
1123 790 1267 860 veritate
1291 791 1452 860 alienum.
1473 797 1598 860 Verum
1619 792 1676 861 hic
1698 816 1836 886 quoque

502 904 664 983 observa,
689 897 811 985 velim,
837 897 985 967 modum
1025 897 1199 967 scribendi
1237 897 1441 966 historicum
1473 903 1587 990 Lucae
1625 905 1659 967 et
1694 898 1840 968 modum

504 1007 676 1098 privatum
712 1004 967 1098 (personalem,
991 1004 1021 1071 si
1049 1004 1098 1072 ita
1126 1004 1224 1095 loqui
1251 1005 1304 1073 ies
1330 1004 1393 1095 est)
1419 1005 1532 1089 Pauli;
1558 1005 1617 1073 ille
1650 1027 1707 1073 eos
1739 1012 1840 1076 vocat

505 1111 675 1203 qrrosdam
697 1124 777 1198 etc,
795 1112 919 1180 Paulus
947 1131 1066 1177 eoram
1091 1108 1220 1178 Galatis
1249 1132 1347 1180 suam
1378 1133 1484 1201 agens
1513 1134 1652 1181 causam
1680 1131 1689 1180 t
1716 1112 1837 1180 subin·

505 1212 805 1288 troductos'lalsos
824 1218 966 1298 iratres,
983 1216 1044 1305 qui
1066 1214 1340 1284 subintroierunt
1362 1218 1538 1307 explorare
1554 1217 1750 1287 libertatem
1770 1242 1835 1288 no·

502 1332 609 1394 stram
633 1346 740 1416 quam
762 1321 936 1391 hahemus
967 1322 1005 1389 in
1037 1320 1184 1404 Christo,
1210 1326 1247 1388 ut
1268 1342 1328 1389 nos
1346 1321 1384 1389 in
1413 1322 1613 1391 servitutem
1633 1324 1833 1413 redigerent

505 1433 591 1520 (Gal.
609 1430 694 1521 22).

546 1535 723 1605 Pharisaei
750 1534 960 1627 praeprimis
986 1537 1087 1601 erant
1115 1533 1345 1602 aemnlatores
1370 1534 1470 1623 legis,
1494 1535 1546 1602 uti
1573 1558 1614 1603 ex
1641 1536 1832 1626 evangeliis

501 1648 634 1710 constat
651 1648 686 1711 el
704 1641 830 1712 Paulus
851 1642 927 1733 ipse
949 1640 994 1708 de
1014 1661 1050 1708 se
1069 1639 1255 1730 pharisaeo
1275 1644 1420 1716 testetur
1436 1640 1524 1730 (Gal.
1544 1640 1650 1732 1‚1t).
1666 1646 1706 1710 lit
1720 1665 1830 1734 popu·

387 1778 390 1783 ⁴
500 1750 574 1818 lum
592 1771 732 1841 quoque
754 1746 909 1817 studium
932 1746 1023 1834 legis
1044 1745 1233 1814 ostendisse
1251 1768 1284 1813 v.
1308 1768 1344 1834 g.
1361 1745 1406 1814 ad
1424 1747 1532 1838 ipsius
1554 1747 1653 1816 Pilati
1675 1747 1829 1817 admira-

503 1859 634 1925 tionem
656 1854 853 1946 exemplum
880 1854 1052 1922 habemus
1078 1854 1116 1921 in
1144 1874 1274 1942 magno
1297 1852 1358 1922 illo
1386 1852 1565 1921 hominum
1588 1855 1744 1943 agmine,
1769 1855 1831 1947 qui

502 1964 599 2031 humi
613 1961 879 2053 procumbentes
893 1959 1037 2028 detectis
1055 1959 1249 2028 cervicibus
1262 1959 1515 2049 profitebantur
1528 1981 1644 2029 coram
1660 1960 1828 2030 militibus

500 2069 544 2137 ud
567 2069 708 2138 caedem
731 2066 961 2154 infligendam
983 2064 1130 2155 paratis,
1156 2087 1192 2133 se
1213 2065 1319 2155 longe
1340 2066 1443 2134 malle
1466 2067 1555 2134 mori
1575 2089 1681 2158 quem
1700 2073 1738 2136 nt
1762 2091 1826 2137 au-

500 2175 622 2243 derent
646 2173 836 2265 quidquam
865 2177 988 2240 contra
1016 2172 1136 2260 legum
1160 2171 1366 2260 sapientiam
1389 2172 1823 2264 committere·(lcsepluu,

500 2281 614 2372 antiq.
634 2280 778 2371 18,3,1).
803 2278 900 2358 Quod
918 2278 947 2345 si
967 2277 1071 2346 multi
1093 2299 1134 2345 er
1157 2275 1257 2368 plebe
1279 2282 1375 2345 tanto
1398 2279 1470 2346 zelo
1493 2276 1582 2366 legis
1610 2279 1821 2366 flagrabant,

500 2388 604 2456 etiam
634 2409 675 2455 ex
704 2384 897 2477 pharisaeis
927 2383 1097 2474 quosdam
1129 2383 1191 2475 qni
1219 2382 1324 2452 fidem
1352 2385 1562 2476 susceperint
1591 2384 1680 2453 hanc
1708 2386 1822 2474 legem

427 2561 433 2569 ,
498 2492 645 2563 voluisse
668 2494 849 2584 imponere
873 2490 1038 2580 gentibus
1065 2513 1138 2559 non
1161 2495 1212 2559 est
1232 2489 1408 2559 intellectu
1431 2490 1586 2561 difficile.
1611 2491 1720 2560 Simul
1743 2514 1821 2561 cum

498 2600 558 2668 illo
584 2601 658 2667 zelo
679 2598 870 2667 vanitatem
896 2598 1108 2666 rationalem
1137 2619 1208 2665 csse
1235 2596 1468 2678 coniunctam,
1490 2597 1615 2666 Paulus
1636 2596 1679 2665 iis
1704 2604 1821 2688 aperte

497 2705 682 2797 exprobrat
707 2703 794 2795 (Gal.
811 2703 907 2793 ⁶2¹3)
927 2707 962 2772 et
984 2704 1108 2771 merito
1127 2707 1227 2770 nutat
1250 2703 1328 2770 Oea.
1346 2722 1401 2769 eos
1419 2702 1563 2770 voluisse
1584 2701 1628 2770 ad
1642 2703 1820 2794 propriam

496 2811 739 2902 gloriationem
755 2810 933 2879 credentes
952 2808 1166 2877 circumcidi.
1185 2812 1349 2876 Asserunt
1367 2807 1585 2899 Epiphanius
1598 2809 1707 2899 (haer.
1725 2817 1818 2895 28,2.

499 2927 536 3003 l3
552 2922 600 2988 M.
614 2926 669 3002 tl,
682 2924 759 2987 380.
773 2917 896 3006 dbllet
908 2914 1119 2984 Philocte-ius
1132 2915 1243 3003 (haer.
1257 2922 1316 2998 363
1328 2919 1367 2984 il.
1386 2921 1439 2996 12,
1455 2915 1556 3005 1153)
1567 2914 1719 2985 elSulm.
1731 2920 1817 3008 Lep.

499 3025 609 3096 Culm.
627 3030 804 3094 auctorem
815 3021 914 3091 istius
922 3022 1149 3113 oppositionis
1163 3021 1266 3089 luisse
1278 3021 1494 3104 cerinthum
1509 3020 1570 3089 sed
1583 3021 1656 3113 ipse
1669 3022 1820 3113 Epipha-

497 3133 575 3200 nius
589 3133 626 3219 (Ι.
647 3153 677 3199 e.
689 3151 725 3197 n.
743 3137 778 3214 1;
796 3130 845 3197 M.
863 3133 919 3212 bl,
936 3128 1016 3216 377)
1031 3126 1119 3195 dicit
1129 3126 1330 3196 Corinthum
1348 3137 1504 3216 πρσσὲχειν
1523 3137 1564 3216 τῷ
1583 3129 1741 3218 luctatrici»
1761 3131 1820 3199 eze

498 3249 623 3327 μέρευς;
641 3237 733 3305 unde
755 3258 798 3304 ea
817 3234 989 3303 sententia
1001 3235 1073 3301 iam
1094 3231 1209 3301 evadit
1223 3231 1479 3324 improbabilis,
1492 3255 1607 3324 neque
1629 3236 1702 3302 eius
1724 3257 1820 3304 men·

497 3345 621 3413 tionem
646 3343 781 3411 iaciunt
799 3346 960 3409 trenaeus
976 3344 1011 3407 et
1031 3339 1265 3407 Theodoretus
1286 3338 1413 3430 placita
1432 3339 1584 3408 cerinthi
1607 3346 1820 3412 recensentes

498 3450 556 3540 (cl.
574 3448 707 3518 Selene
725 3447 750 3516 l.
768 3470 798 3516 c.
815 3471 851 3538 p.
871 3446 940 3537 22).
958 3444 1191 3515 Postulatione
1213 3445 1275 3513 illa
1293 3450 1327 3513 et
1345 3444 1571 3514 affirmatione
1585 3445 1658 3537 (δεῖ)
1677 3447 1769 3517 iacta
1783 3449 1820 3517 in

498 3556 637 3647 publico
648 3556 711 3625 illo
721 3558 892 3623 conventu
902 3574 935 3619 v.
947 3559 967 3621 6
978 3565 1279 3643 conveneruntque
1288 3551 1434 3642 apostoli
1445 3564 1478 3619 et
1491 3551 1763 3623 seniorescr'dere
1778 3554 1820 3623 de

497 3666 595 3731 verbo
613 3661 693 3745 boc,
709 3662 752 3730 de
772 3661 837 3730 hac
856 3682 912 3742 re;
932 3659 1084 3727 habetur
1100 3680 1185 3747 ergo
1200 3656 1289 3726 alter
1301 3663 1501 3741 conventus,
1518 3659 1555 3727 in
1572 3681 1642 3749 quo
1659 3659 1725 3727 soli
1739 3682 1821 3753 apo·

497 3769 573 3838 stoli
599 3766 852 3860 etpresbyteri
883 3765 927 3833 de
956 3764 1157 3856 quaestione
1175 3765 1238 3832 illa
1257 3763 1461 3833 deliberant.
1484 3769 1589 3843 Quem
1615 3773 1819 3836 conventum

497 3875 670 3967 apostolus
686 3895 825 3965 quoque
840 3871 973 3941 indicet
987 3871 1060 3938 Gal.
1078 3876 1136 3954 2,2
1151 3892 1306 3940 seorsum
1322 3892 1356 3938 se
1370 3872 1586 3961 proposuisse
1603 3891 1705 3940 sunm
1723 3895 1816 3963 prae·

497 3982 636 4050 dicandi
655 3980 800 4049 modum
814 3995 879 4061 τοῖς
898 3986 1044 4048 traceseo.
1060 3976 1148 4054 Quid
1161 3976 1199 4045 in
1214 3975 1280 4046 hoc
1294 3985 1462 4045 conventu
1476 3976 1676 4045 conclusum
1694 3977 1814 4062 inerit,

498 4095 602 4158 Lucas
625 4109 703 4155 mox
725 4091 843 4154 narrat
866 4085 1018 4152 referens
1040 4083 1230 4152 orationem
1252 4082 1357 4165 Petri,
1381 4070 1659 4166 lacobi3'l’aulus
1679 4106 1817 4176 quoque

494 4196 533 4265 id
553 4195 659 4263 refert
679 4191 752 4261 Gal.
774 4196 869 4274 2,6·9
891 4210 900 4259 2
922 4189 1010 4258 mihi
1030 4198 1057 4258 cl
1077 4196 1232 4272 tractura<
1248 4188 1336 4257 nihil
1354 4189 1571 4258 conlulerunt
1583 4200 1816 4279 προσανέθεντο,

496 4301 584 4371 nihil
598 4298 826 4380 addiderunt;
848 4296 872 4364 i.
890 4319 921 4365 e.
939 4295 1013 4364 eius
1031 4293 1257 4387 praedicandi
1271 4295 1412 4365 modurn
1428 4300 1462 4364 et
1480 4295 1685 4365 admittendi
1698 4302 1819 4386 gentes

495 4412 568 4478 sine
587 4406 847 4477 circumcisione
868 4403 1013 4473 omnino
1035 4401 1276 4495 approbarunt
1302 4425 1449 4493 eumque
1470 4402 1597 4471 hortati
1619 4407 1701 4472 sunt
1723 4403 1816 4473 utin

496 4538 599 4607 opere
614 4515 673 4584 Dei
686 4514 780 4583 inter
793 4517 916 4602 gentes
927 4510 1090 4579 laborare
1103 4513 1277 4602 pergeret.

541 4626 586 4690 Ex
605 4627 714 4701 Lucae
724 4618 928 4689 vnarratione
944 4618 1078 4687 clarum
1094 4623 1146 4686 est
1165 4638 1187 4685 a
1206 4637 1239 4686 v.
1257 4623 1278 4684 *1
1292 4616 1350 4704 agi
1367 4614 1410 4683 de
1428 4613 1497 4684 alio
1512 4620 1684 4685 conventu
1696 4616 1817 4709 inquo

496 4728 639 4807 iterum,
656 4727 745 4795 sicut
765 4728 803 4795 in
829 4749 861 4794 v.
883 4732 903 4793 t
926 4726 1029 4794 etiam
1053 4723 1205 4815 populus
1226 4721 1336 4805 adest,
1356 4721 1393 4790 id
1412 4720 1522 4791 elucet
1543 4722 1615 4791 iem
1633 4744 1674 4791 ex
1693 4730 1763 4792 ni
1783 4731 1818 4794 et

496 4832 701 4928 praeprimis
720 4856 761 4902 er
775 4855 808 4901 r.
828 4839 883 4917 12,
902 4855 943 4900 ex
967 4855 1038 4923 quo
1060 4858 1077 4894 «
1102 4829 1214 4899 omnis
1236 4828 1420 4899 multitudo
1442 4829 1522 4898 »iis
1539 4828 1704 4898 intererat
1727 4852 1815 4923 qnae
