4154 5452
193 282 320 348 'icc
556 269 608 361 ſs
708 338 711 343 ⁴
818 288 884 351 in.
907 289 1010 386 aaa

252 437 326 526 ipsc
343 435 465 504 Paulus
479 436 586 504 uerba
597 440 672 504 lesu
687 438 812 506 relect:
827 436 871 505 ad
884 438 952 503 hoc
966 435 1059 502 enim
1070 432 1218 524 apparui
1234 433 1300 500 tibi
1311 440 1410 521 ὤφθην
1426 466 1471 504 σοι
1485 437 1572 526 (Act.

253 545 388 630 nu,1o);
416 543 509 611 idem
538 542 622 610 dicit
647 543 795 610 Ananias
823 563 832 608 :
858 546 949 607 lesus
975 539 1036 629 qni
1059 536 1224 628 apparuit
1247 537 1313 606 tibi
1332 538 1441 605 invia
1462 540 1574 629 (9,17;
1680 539 1707 615 J

253 651 369 740 2214)
386 656 421 719 et
438 649 611 718 Barnabas
625 644 745 713 narrat
759 644 920 735 apostolis
932 644 1106 733 quomodo
1119 645 1156 711 in
1172 645 1227 712 via
1240 643 1380 713 vidisset
1393 644 1577 713 Dominum

254 755 379 847 (937),
396 755 483 823 adde
499 752 646 843 repetita
657 751 764 840 ipsius
778 749 873 817 Pauli
887 751 1083 819 testimonia
1096 773 1117 819 a
1131 751 1291 819 sevisum
1306 773 1378 820 esse
1392 749 1576 819 bominum

256 862 294 953 (l
310 866 386 930 Cor.
405 863 474 943 u,1;
493 863 585 937 15,8.
609 856 680 923 Gal.
708 856 809 946 1,1o).
833 857 1058 948 Apparitione
1073 864 1147 926 lesu
1164 860 1306 948 eiusque
1325 858 1439 926 verbis
1453 857 1576 926 Saulus

251 959 377 1037 iamin
400 964 505 1033 alium
523 962 624 1053 plane
652 958 765 1030 virum
785 969 937 1031 mutatus
957 966 1025 1048 est3
1041 970 1175 1032 tantum
1196 963 1288 1030 enim
1308 962 1422 1046 abest,
1438 969 1478 1031 ut
1492 987 1575 1032 con-

117 1112 120 1117 >
251 1078 305 1141 tra
322 1070 497 1139 stimulum
516 1067 685 1154 calcitret,
709 1075 748 1171 ut
766 1068 961 1160 plenissima
978 1068 1160 1136 devotione
1183 1068 1230 1135 ad
1248 1089 1351 1136 omne
1370 1067 1574 1158 obsequium
1644 1155 1647 1160 1

138 1190 140 1194 ’
177 1224 180 1231 ·
250 1176 400 1246 nomino.
417 1196 452 1242 se
479 1173 613 1243 tradere
633 1175 801 1265 spondeat
820 1198 853 1242 v.
874 1181 894 1241 6
916 1186 949 1242 et
971 1185 1116 1241 tremens
1144 1195 1185 1241 uc
1207 1186 1347 1265 stupens
1366 1173 1458 1242 dicit
1478 1194 1491 1240 .·
1510 1177 1574 1241 Do·

251 1281 342 1349 nzinc
366 1279 453 1372 quid
467 1302 521 1348 me
540 1276 602 1347 vis
612 1282 756 1370 facere?
780 1281 904 1347 timore
925 1280 969 1347 de
992 1280 1088 1348 rabie
1109 1281 1357 1372 persecutionis
1372 1278 1571 1371 corripitur,

251 1389 295 1457 de
321 1386 396 1479 ipsa
418 1386 648 1478 apparitione,
679 1386 722 1454 de
750 1390 824 1452 lesu
845 1387 918 1453 tiso
929 1386 967 1452 in
988 1386 1119 1473 gloria,
1141 1389 1180 1455 in
1203 1409 1348 1478 corpore
1367 1388 1519 1475 glorioso
1540 1393 1574 1455 et

249 1494 469 1586 splendorem
487 1490 699 1559 diffundente
717 1512 820 1580 quem
840 1514 991 1582 eousque
1006 1514 1201 1561 eversorem
1218 1492 1308 1579 legis
1327 1498 1361 1560 ot
1380 1494 1438 1560 Dei
1454 1491 1575 1561 adver-

250 1601 378 1669 sarium
398 1596 538 1679 habuit,
562 1596 759 1687 obstupefit;
786 1597 823 1664 id
854 1619 961 1665 unum
979 1598 1166 1686 efflagitat,
1199 1598 1473 1687 quid-Dominus
1494 1621 1516 1666 a
1538 1620 1573 1666 se

249 1704 410 1796 postulet.
438 1703 599 1771 Animum
623 1702 747 1792 pandit
778 1724 1001 1791 generosum,
1035 1706 1095 1794 qui
1123 1723 1363 1795 quaecumque
1386 1711 1481 1773 recta
1502 1725 1573 1772 esse

249 1811 450 1900 cognoverit
469 1810 505 1877 in
526 1830 566 1878 ea
584 1809 663 1877 totis
681 1809 814 1878 viribus
832 1809 1042 1901 perficienda
1060 1810 1248 1892 incumbit;
1269 1832 1302 1878 v.
1326 1819 1347 1877 ’1
1362 1824 1398 1878 et
1408 1810 1574 1878 Dominus

249 1915 299 1986 ud
315 1938 393 1985 eum
421 1938 434 1982 s
459 1937 563 2006 turpe
590 1927 624 1983 ct
649 1915 830 2006 icqrcdere
856 1915 1030 1984 civitatem
1055 1928 1086 1985 et
1115 1917 1165 1985 idi
1192 1917 1325 1985 dicetur
1350 1916 1414 1984 titi
1431 1916 1520 2008 quid
1541 1928 1573 1985 te

231 2035 404 2116 'oporteat
431 2025 568 2113 lacera·
598 2043 661 2112 per
691 2022 868 2090 hominem
898 2022 971 2090 scil.
1003 2029 1257 2092 sacramentum
1284 2021 1572 2091 reconciliationis

114 2121 121 2130 ’
248 2129 404 2220 accipere
424 2133 458 2195 et
476 2149 538 2219 per
560 2127 736 2195 hominem
754 2126 793 2195 in'
812 2127 996 2197 Ecclesiam
1012 2130 1148 2197 admitti
1164 2129 1284 2213 debet,
1304 2152 1344 2198 eo
1358 2127 1432 2197 scil.
1452 2128 1572 2197 ordine

249 2257 351 2325 quem
365 2234 439 2326 ipse
454 2231 604 2302 Christus
617 2234 776 2302 instituit.

263 2353 267 2359 '
293 2345 364 2407 lam
384 2339 467 2432 quid
483 2339 575 2408 Sauli
599 2342 765 2408 comites?
784 2341 853 2408 viri
872 2354 986 2409 uectem
1010 2341 1067 2408 illi
1084 2344 1148 2432 qui
1163 2342 1416 2411 comitabamur
1434 2364 1513 2410 cum
1532 2363 1570 2410 eo

249 2457 275 2516 οῑ
290 2454 496 2529 συνοδεύοντες
511 2452 590 2535 αὐτῷ
605 2468 674 2514 una
693 2468 771 2514 cum
791 2469 832 2514 eo
845 2448 911 2514 iter
928 2446 1119 2531 iaciebant,
1135 2450 1275 2516 stolone
1287 2449 1487 2540 stupefacti,
1505 2469 1571 2515 uu-

249 2550 381 2620 dientcs
395 2551 534 2643 quidem
551 2574 667 2620 vocem
687 2571 742 2638 τῆς
762 2573 860 2640 φωνῆς
880 2576 951 2621 non
968 2559 1007 2621 ut
1022 2576 1055 2620 v.
1074 2561 1092 2623 t
1114 2565 1226 2642 φωνήν,
1242 2557 1358 2624 ἀκούειν
1376 2576 1455 2622 cum
1470 2553 1571 2643 geni-

249 2659 317 2725 tivo
335 2658 506 2746 significat
524 2660 670 2726 sonitum
698 2660 871 2750 quendam
895 2682 967 2727 esse
991 2666 1192 2752 perceptum
1206 2661 1315 2745 vocis,
1337 2664 1410 2728 non
1427 2659 1502 2750 ipsa
1520 2658 1571 2728 lo·

248 2766 385 2854 quentis
411 2763 517 2833 verba
537 2764 637 2854 (Bels.
670 2768 766 2832 Patr.
795 2765 936 2855 Weiss),
961 2766 1134 2834 neminem
1160 2781 1277 2835 autem
1302 2766 1473 2851 uidentes,·
1495 2775 1572 2835 ἐνεοί

248 2873 334 2938 muti
351 2877 445 2939 metu
469 2870 566 2961 (Bt),
590 2871 727 2940 attoniti
747 2871 1045 2939 obmutescebant.
1072 2877 1185 2941 lesum
1207 2872 1294 2940 vidit
1314 2873 1407 2941 solus
1426 2871 1567 2955 Paulus3

247 2976 358 3045 lucem
373 2988 407 3046 et
421 2987 481 3065 φῶς
500 2977 582 3045 socii
595 2978 668 3046 eius
681 2977 784 3045 etiam
799 2977 961 3046 viderunt
976 2979 1103 3068 (22,9);
1120 3001 1153 3045 v.
1168 2985 1190 3048 8
1204 2978 1570 3070 surreaeitque'Puulus

246 3080 289 3148 de
310 3094 402 3149 terro
428 3084 619 3173 apertisque
644 3082 752 3150 oculis
775 3082 865 3150 nilzil
877 3083 1037 3168 cidebot;
1050 3111 1067 3145 «
1087 3084 1197 3153 nimia
1220 3084 1279 3152 lux
1298 3084 1417 3153 oculos
1432 3083 1569 3153 laedere

246 3187 348 3271 solet,
366 3210 560 3256 mensuram
580 3191 673 3256 enim
690 3211 787 3256 suam
803 3191 934 3256 habent
948 3190 1040 3257 oculi
1064 3218 1081 3252 ν
1097 3190 1192 3281 (θὴν.
1216 3189 1396 3282 ΤΙιοορΙι.);
1412 3190 1475 3258 sed
1488 3212 1565 3258 cum

247 3294 387 3362 comites
402 3294 473 3362 eius
483 3294 595 3362 lucem
610 3293 706 3361 illam
719 3293 825 3361 etiam
846 3294 1011 3379 viderint,
1030 3297 1212 3387 repentina
1224 3297 1320 3365 Pauli
1334 3296 1479 3365 caecitas
1496 3317 1568 3364 non

249 3400 292 3468 ad
306 3399 453 3468 nimium
472 3401 557 3469 lucis
577 3400 751 3488 fulgorem
775 3400 956 3469 referenda
977 3403 1058 3484 crit,
1085 3402 1290 3493 praesertim
1308 3424 1388 3471 cum
1408 3407 1517 3471 Iesum
1530 3403 1568 3470 in

246 3503 360 3593 gloria
381 3513 603 3597 apparentem
627 3505 735 3573 oculis
756 3508 980 3597 conspexerit.
1005 3512 1085 3576 Erat
1110 3508 1194 3578 baec
1221 3509 1404 3600 repentina
1423 3509 1568 3578 caecitas

246 3610 350 3678 simul
365 3634 427 3702 pro
446 3611 550 3680 Paulo
565 3618 598 3679 et
613 3613 856 3680 documentum
877 3618 1037 3680 eventum
1056 3615 1157 3682 illum
1177 3636 1257 3683 vere
1272 3606 1435 3683 accidisse
1453 3619 1488 3683 et
1505 3614 1567 3683 ad·

237 3713 408 3798 monitio,
424 3724 462 3786 ut
480 3716 515 3783 in
534 3739 631 3785 sacra
652 3718 803 3808 quadam
824 3718 1010 3787 solitudine
1029 3719 1260 3811 perpenderet
1278 3721 1365 3813 quid
1383 3744 1423 3789 ex
1444 3726 1568 3790 eventu

245 3823 306 3890 illo
320 3845 383 3914 pro
398 3845 433 3890 se
449 3830 481 3891 et
491 3846 553 3914 pro
569 3846 630 3891 sua
639 3823 853 3893 institutione
867 3833 1146 3916 consequeretur,
1164 3832 1203 3893 ut
1221 3849 1262 3894 er
1275 3850 1377 3896 caeco
1396 3828 1457 3918 qui
1471 3848 1568 3896 eous·

246 3951 313 4019 que
332 3936 405 3998 erat
422 3931 457 3997 in
470 3952 507 3998 re
528 3930 650 3998 Christi
670 3936 743 3999 lesu
760 3932 859 3999 fieret
876 3931 1012 4014 m'dens3
1031 3931 1081 3999 ud
1104 3955 1228 4001 titanus
1244 3945 1362 4002 autem
1378 3933 1479 4002 illum
1496 3945 1568 4002 tru-

244 4033 358 4103 dentes
389 4035 654 4104 introduxerunt
674 4040 876 4105 Damascum
884 4058 900 4123 ,·
914 4038 975 4129 qui
1000 4038 1085 4106 alios
1103 4047 1321 4130 prosternere
1347 4039 1470 4122 voluit,
1491 4039 1567 4130 ipse

244 4146 295 4210 est
319 4148 524 4234 prostratus,
551 4143 611 4233 qni
637 4143 721 4211 alios
753 4144 883 4211 vincire
903 4152 936 4212 et
965 4145 1190 4236 compedibus
1212 4167 1357 4214 onerare
1384 4144 1563 4237 cupiebat,

246 4253 319 4340 ipse
341 4250 411 4317 iam
426 4248 472 4317 ad
491 4271 632 4317 manum
656 4251 753 4340 quasi
769 4251 902 4318 vinctus
928 4250 1082 4336 ducitnr;
1106 4273 1212 4342 quam
1230 4252 1338 4339 igitur
1360 4251 1514 4319 diversus
1528 4251 1566 4318 in

247 4355 368 4424 urbem
378 4356 550 4444 ingressus
559 4355 604 4424 ab
615 4377 654 4423 eo
666 4379 769 4447 quem
784 4362 981 4447 putaverat;
994 4358 1055 4448 qui
1069 4363 1211 4426 venerat
1226 4357 1331 4425 iidem
1345 4357 1563 4447 impugnare,

246 4461 455 4550 ingreditur,
471 4471 509 4531 ut
525 4462 629 4531 fidem
644 4461 751 4532 discat
765 4461 920 4553 (Solam),
937 4487 970 4531 v.
988 4471 1008 4531 9
1025 4477 1058 4532 et
1072 4476 1147 4532 erut
1158 4464 1209 4531 idi
1231 4464 1340 4535 tribus
1363 4462 1480 4531 diebus
1495 4486 1567 4533 non

247 4567 379 4653 videns,
395 4572 468 4662 ipsa
482 4569 707 4639 diuturnitate
726 4571 807 4638 satis
831 4576 926 4661 patet
952 4571 1150 4640 caecitatem
1172 4570 1273 4639 illam
1292 4592 1363 4639 non
1393 4570 1495 4639 fuisse
1511 4593 1567 4639 ca·

247 4673 389 4763 liginum
406 4677 580 4769 quandam
600 4676 778 4747 oculorum
796 4683 831 4746 ct
847 4675 1061 4747 obtusionem
1078 4678 1192 4769 qualis
1211 4677 1318 4747 nimio
1333 4678 1469 4767 fulgore
1482 4675 1565 4746 ersi·
