4092 5490
150 230 165 371 J
253 280 343 373 eoo,
685 355 688 359 ,
805 292 872 339 scr.
896 251 1033 349 esu-ro.

119 450 122 455 ·
252 452 284 495 v.
302 436 323 494 7
338 449 411 517 seq.
429 431 505 494 acta
522 431 557 495 et
575 425 767 493 dictasunt.
785 425 929 494 Proinde
942 430 1021 516 post
1034 428 1242 492 conventum
1258 422 1405 512 apostoli
1420 423 1456 487 id
1475 425 1570 512 quod

251 538 442 602 statuerant
455 532 551 601 omni
573 530 787 600 multitudini
800 531 1023 612 annuntiant,
1040 530 1114 605 soil.
1135 536 1256 618 gentes
1275 550 1346 596 non
1361 549 1433 595 esse
1447 548 1571 614 cogen-

252 640 314 709 das
333 663 445 731 neque
464 639 510 706 ad
531 636 823 705 circumcisionem
843 658 954 724 neque
974 637 1019 704 ad
1040 637 1314 704 observationem
1330 635 1430 723 legis.
1450 637 1574 701 Contra

252 749 342 817 hanc
355 747 561 815 sententiam
581 738 858 825 subintroductos
877 740 980 807 falsos
1000 742 1123 807 iratres
1146 762 1218 807 sese
1236 743 1452 831 opposuisse,
1470 762 1509 807 ex
1529 738 1573 805 iis

251 875 340 944 quae
361 852 433 919 Gal.
457 854 555 931 2,3-5
585 850 781 927 narrantur,
806 843 906 911 facile
933 842 1039 934 patet.
1060 847 1166 922 Quam
1191 846 1440 936 oppositionem
1466 852 1572 914 tucos

250 959 355 1026 refert
379 980 411 1023 v.
429 963 450 1021 7
473 972 551 1020 eum
571 962 687 1018 utitem
708 971 834 1039 moqua
854 949 1059 1040 conquisitio
1079 949 1193 1039 fieret,
1217 951 1342 1017 iterum
1365 962 1502 1035 ζήτησις,
1521 954 1569 1018 uti

250 1080 283 1130 v.
306 1069 342 1144 2,
367 1060 436 1127 illis
456 1056 531 1127 scil.
555 1056 807 1148 postulantibus
832 1056 1142 1139 circumcisionem,
1166 1078 1310 1146 surqens
1335 1059 1458 1123 Petrus
1479 1055 1569 1123 dixit

250 1164 299 1235 ud
311 1188 367 1234 eos
382 1185 396 1231 .·
407 1164 475 1232 viri
486 1165 625 1252 fratres,
644 1186 688 1231 en
701 1163 818 1231 fideles
832 1162 1029 1253 alloquitur,
1046 1186 1105 1231 vos
1118 1164 1214 1231 scitis
1230 1192 1245 1225 u
1266 1163 1407 1230 fortasse
1423 1160 1569 1229 aderant

56 1260 61 1265 ⁸
165 1280 167 1284 ’
250 1272 311 1363 qui
325 1271 408 1355 olim
423 1270 523 1339 illum
537 1268 880 1338 accusaverantciroa
895 1269 1115 1336 Cornelium»
1134 1268 1434 1359 (Chr.),quouiom
1450 1266 1493 1337 ab
1509 1290 1570 1336 an·

250 1378 359 1470 liquis
379 1377 498 1446 diebus
518 1380 610 1443 Deus
625 1375 662 1441 in
676 1373 773 1441 uotis
786 1372 904 1463 clepit,
921 1375 957 1439 iu
980 1373 1077 1453 vobis
1101 1376 1125 1442 i.
1143 1397 1172 1442 e.
1190 1375 1282 1443 inter
1303 1398 1380 1460 vos,
1401 1377 1439 1443 in
1458 1382 1571 1443 vestra

251 1487 318 1553 hac
333 1490 427 1552 terra
440 1478 700 1573 palaestinensi,
714 1499 778 1569 per
796 1501 832 1545 os
846 1500 958 1546 uocum
973 1478 1096 1546 audire
1111 1493 1230 1569 qentes
1244 1482 1382 1547 verbum
1398 1479 1572 1572 evanqelii

245 1594 285 1658 'et
307 1585 461 1672 'eredere;
482 1586 526 1654 ol.
550 1590 785 1669 1⁰,15-11‚18;
810 1585 887 1652 oum
901 1583 1039 1652 'dicotur
1059 1583 1103 1652 ob
1127 1586 1280 1675 antiquis
1300 1586 1420 1653 dietus
1440 1586 1575 1673 colligit

257 1695 366 1764 Weiss
384 1692 516 1761 fontem
538 1690 706 1782 aliquem,
723 1691 843 1779 inquo
857 1689 998 1758 historia
1017 1690 1166 1758 Cornelii
1186 1691 1296 1759 multo
1311 1691 1471 1780 longiore
1486 1697 1575 1758 tem-

250 1796 344 1893 poris
359 1798 543 1868 intervallo
557 1802 716 1887 separata
728 1794 848 1879 tuerit,
866 1818 970 1886 quam
987 1797 1025 1863 in
1039 1802 1113 1865 Act.
1133 1819 1209 1888 cap.
1231 1806 1271 1866 10
1293 1821 1315 1865 a
1329 1819 1405 1887 cap.
1429 1805 1482 1865 15.
1503 1795 1573 1865 Sed

251 1904 390 1974 criticus
409 1926 481 1972 non
502 1901 650 1971 attendit
663 1901 785 1991 referri
799 1902 834 1969 in
849 1906 921 1970 Act.
936 1924 1018 1970 mox
1037 1909 1115 1994 post
1135 1905 1231 1970 Pauli
1246 1903 1524 1983 conversionem,
1540 1909 1574 1970 et

251 2035 292 2081 ex
315 2012 391 2104 ipso
410 2010 508 2079 Pauli
534 2008 730 2077 testimonio
755 2009 800 2075 ab
828 2013 1002 2090 9‚ao·15,1
1033 2012 1288 2099 praeterierunt
1310 2010 1393 2077 anni
1423 2015 1574 2100 septem-

251 2118 380 2200 decim,
393 2110 433 2185 ¹et
445 2112 519 2186 Act
533 2121 636 2199 rulo
650 2119 782 2182 llnasou
799 2113 939 2204 Cyprius
952 2114 1077 2183 dicitur
1091 2117 1254 2207 antiquus
1268 2115 1470 2205 discipulus,
1489 2139 1573 2205 ergo

217 2303 226 2311 ¹
251 2231 387 2313 tempus
405 2222 450 2290 ab
470 2221 578 2289 initiis
595 2219 646 2288 rei
665 2219 869 2289 christianae
883 2242 989 2311 usque
1003 2221 1049 2288 ad
1063 2228 1165 2304 alus
1183 2223 1255 2290 iam
1274 2221 1401 2289 suflicit
1419 2223 1463 2289 ad
1482 2250 1499 2284 «
1516 2227 1575 2289 an·

254 2329 447 2419 tiquitotem
460 2349 497 2410 o;
514 2325 548 2394 ν’.
562 2332 583 2394 8
596 2336 629 2393 et
645 2324 707 2416 qui
718 2324 816 2393 nouit
829 2324 932 2393 cordo
946 2330 1035 2394 Deus
1048 2326 1282 2395 testimouium
1290 2325 1472 2417 perhibuit
1486 2327 1571 2409 illis,

251 2457 315 2525 pro
334 2432 404 2501 illis
418 2433 493 2501 soil.
515 2430 735 2508 admittendis
756 2431 830 2501 sine
853 2431 935 2499 ullis
955 2432 1179 2520 ambagibus,
1197 2432 1270 2499 sine
1286 2432 1358 2500 ulla
1380 2455 1443 2522 per
1459 2434 1574 2521 legem

251 2538 513 2632 praeparatione
535 2538 609 2628 ipse
632 2541 733 2618 Deus,
752 2536 908 2604 cordium
931 2542 1110 2620 scrutator,
1131 2544 1272 2607 testatus
1296 2544 1347 2605 est
1369 2537 1458 2606 dous
1477 2537 1574 2629 (illis)

209 2671 213 2678 ·
250 2643 424 2735 Spiritum
443 2640 601 2711 sanctum
621 2641 1002 2726 sicutetnodis10,tt;
1026 2651 1138 2728 11,17,
1158 2667 1190 2712 v.
1210 2651 1229 2712 9
1251 2658 1285 2711 et
1303 2643 1396 2711 nihil
1414 2644 1576 2713 discrevit

252 2750 343 2818 inter
362 2771 425 2818 uos
448 2761 482 2817 et
501 2747 579 2816 illos
597 2747 667 2839 fide
686 2748 879 2839 purificans
902 2747 1005 2815 eorda
1026 2762 1165 2835 eo'rum;
1185 2759 1340 2839 διέκρινεν,
1367 2750 1443 2818 vide
1472 2756 1574 2831 11‚12

252 2876 394 2944 gracum
409 2853 713 2946 dieitpurificaus,
727 2855 777 2924 uti
789 2853 910 2921 didicit
925 2860 1038 2939 1o,15.

295 2967 335 3031 ln
366 2960 426 3029 illo
455 2966 580 3029 eventu
613 2960 695 3028 satis
731 2958 926 3027 declaratur
966 2959 1084 3028 divina
1124 2961 1314 3053 dispositio.
1351 2962 1490 3031 Accedit
1528 2982 1573 3029 ne

251 3068 397 3137 ludaeos
410 3065 552 3157 quidem
564 3065 661 3157 spem
675 3064 825 3156 aliquam
840 3066 957 3133 salutis
976 3066 1012 3133 in
1031 3066 1108 3154 lege
1128 3088 1255 3156 ponere
1270 3090 1383 3158 posse,
1399 3089 1521 3135 verum
1536 3066 1574 3133 in

252 3196 294 3242 ea
306 3171 454 3264 experiri
468 3193 556 3239 onus
572 3170 665 3261 quod
683 3176 820 3261 portare
835 3193 903 3239 non
921 3172 1066 3261 possint,
1084 3180 1118 3240 et
1134 3194 1239 3240 unam
1254 3173 1371 3241 salutis
1391 3174 1483 3241 viam
1507 3174 1575 3260 col-

250 3279 360 3348 locari
381 3279 419 3346 in
441 3276 566 3346 Christi
592 3277 716 3364 gratia.
737 3274 789 3344 Ad
811 3276 896 3366 quid
914 3276 1032 3367 itaque
1056 3278 1109 3345 lex
1131 3280 1367 3370 imponeretur
1391 3279 1575 3368 gentibus?

252 3408 285 3454 v.
306 3392 347 3453 10
366 3406 461 3452 nune
481 3406 563 3474 erpo
582 3381 672 3473 quid
688 3380 827 3449 tentatis
848 3385 956 3450 Deum
978 3386 1151 3473 imponere
1170 3386 1290 3476 iuqum
1309 3409 1411 3477 super
1430 3387 1575 3455 ceruices

251 3490 522 3582 discipulorum;
537 3516 553 3551 «
571 3488 632 3556 illo
646 3493 754 3556 tentat
767 3492 888 3570 Deum,
905 3489 966 3579 qui
984 3489 1085 3556 aliter
1105 3513 1209 3580 quam
1228 3493 1302 3583 ipse
1327 3494 1505 3583 praecepit
1523 3494 1574 3560 fa·

251 3596 377 3667 mulari
389 3618 431 3665 ac
451 3597 587 3687 placere
602 3594 757 3662 nititur»
778 3593 910 3684 (Beda).
931 3600 1018 3663 Deus
1037 3596 1128 3664 enim
1149 3603 1293 3664 testatus
1311 3606 1362 3666 est
1376 3598 1480 3666 fidem
1501 3599 1573 3666 suf·

251 3702 355 3771 licere
369 3707 410 3769 ut
426 3707 546 3788 gentes
566 3698 808 3781 admittuntur;
834 3721 917 3787 ergo
936 3700 1041 3769 iulert
1066 3706 1201 3786 Petrus,
1218 3707 1279 3794 qui
1299 3705 1412 3792 legem
1431 3703 1574 3795 insuper

251 3807 420 3899 postulat,
437 3811 548 3874 tentat
567 3810 671 3874 Deum
694 3804 813 3895 (Coit
833 3809 916 3874 Eum
936 3811 1067 3875 tentare
1093 3807 1230 3890 dicitur,
1252 3811 1313 3900 qui
1337 3832 1439 3901 opem
1463 3811 1509 3877 ab
1533 3832 1573 3878 eo

252 3914 373 4001 exigit,
393 3918 432 3980 ut
449 3910 583 4002 aliquid
599 3916 717 3979 contra
730 3911 784 3978 vel
797 3933 892 3980 secus
909 3912 968 3980 liat
987 3935 1026 3980 uo
1040 3920 1126 3982 Deus
1148 3914 1221 3981 vult
1236 3916 1382 4006 (Puri·.);
1402 3917 1478 3984 aliis
1497 3939 1573 3984 ver·

251 4019 306 4087 bis
333 4019 393 4109 qui
422 4039 617 4085 mensuram
639 4016 713 4107 spei
735 4018 835 4085 nobis
858 4020 1049 4110 propositae
1072 4021 1121 4109 (in
1148 4022 1252 4089 rebus
1275 4023 1454 4112 sperandis
1480 4023 1574 4091 etin

252 4123 356 4192 modo
378 4122 552 4214 sperandi)
570 4121 627 4189 vel
641 4145 710 4190 non
726 4125 866 4211 attingit
888 4125 942 4193 vel
958 4124 1108 4209 excedit3
1130 4129 1230 4218 proin
1250 4134 1336 4196 Deus
1355 4128 1484 4196 dicitur
1498 4136 1576 4197 ten·

49 4222 55 4231 ’
183 4316 186 4320 A
253 4230 318 4300 tari
330 4228 525 4299 diffidentia
540 4227 848 4321 (pusillanimitate)
869 4236 904 4299 et
917 4233 1196 4323 praesumptione
1213 4234 1268 4322 (cl.
1288 4257 1376 4324 quae
1393 4234 1512 4303 notavi
1528 4234 1574 4302 ad

252 4343 292 4407 ls.
310 4344 390 4423 'ult
414 4344 449 4407 et
472 4336 516 4405 ad
539 4335 653 4404 ltatth.
678 4337 767 4426 t‚7);
789 4337 833 4405 cf.
855 4345 929 4420 5,9;
955 4343 989 4404 et
1011 4339 1114 4428 quale
1133 4341 1177 4405 sit
1193 4339 1317 4427 iugum
1342 4341 1435 4432 quod
1455 4349 1574 4410 contra

251 4445 310 4513 [lei
322 4444 532 4512 voluntatem
546 4441 740 4527 agentibus
750 4442 876 4534 suscipi
890 4445 1074 4534 asportari
1088 4445 1225 4529 volunt,
1242 4445 1341 4513 addit
1352 4447 1449 4538 quod
1461 4470 1571 4539 nepote

245 4564 365 4641 porres
378 4550 488 4618 nostri
499 4552 610 4642 neque
624 4571 685 4618 nos
691 4561 833 4641 portare
842 4550 1029 4641 potuimus,
1051 4553 1201 4642 perfecte
1218 4553 1264 4620 im
1268 4554 1364 4644 plere
1377 4555 1570 4646 potuimus;

250 4656 348 4723 nulla
364 4655 459 4724 enim
473 4662 583 4725 aetate
604 4657 751 4747 populus
767 4657 868 4725 lsrael
891 4657 1004 4746 legem
1023 4665 1062 4726 ut
1084 4657 1233 4727 debebat
1252 4660 1473 4743 observabat,
1490 4661 1570 4729 vide
1659 4707 1665 4715 -
