4010 5474
123 302 125 307 ¹
239 344 299 405 ess
770 360 840 412 scr.
863 314 1096 417 uenere).
1200 312 1205 316 ’

238 491 367 580 gaudio
395 497 430 560 et
455 498 585 583 quanta
612 491 843 560 consolatione
869 490 963 557 huuc
989 489 1145 580 primum
1172 491 1210 558 in
1228 495 1376 582 >Europe
1405 491 1564 561 fidelium

237 603 374 666 coetum
396 600 573 689 amplexus
600 597 658 678 sit,
689 595 764 685 ipsa
787 594 933 686 epistola
957 596 1271 666 luculentissimum
1295 596 1440 689 praebet
1459 582 1571 665 doen}

239 710 402 774 mentum.
431 710 536 788 Lucas
553 708 670 769 tamen
692 723 733 767 ex
750 700 812 768 illa
830 704 1105 771 commoratione
1123 704 1235 772 solum
1252 704 1360 772 refert
1375 702 1473 796 quali
1484 723 1566 792 per·

235 813 403 880 secutioni
425 807 596 898 expositus
618 806 660 873 sit
684 807 873 897 apostolus;
899 831 931 875 v.
957 815 1007 898 16Ι
1022 811 1163 899 suetum
1191 820 1242 876 est
1264 822 1383 878 autem
1407 809 1573 903 <tremidus=

234 916 331 984 nobs's
354 913 404 983 od
421 911 671 993 craesbreeck
693 921 746 997 τὴν
765 904 949 1003 πρὲσευχήν,
968 913 1007 979 in
1028 912 1275 1004 proseucham,
1297 913 1343 981 ad
1358 915 1472 1007 locum
1488 912 1565 982 ora·

96 1094 98 1097 ,
167 1022 172 1027 ’
235 1022 338 1090 tionis
353 1016 507 1110 puellam
522 1016 698 1107 quandam
711 1026 864 1103 παιδίαην
877 1017 1052 1101 ancillam,
1067 1020 1249 1087 dedentem
1262 1019 1425 1111 spiritum
1433 1020 1565 1117 pptbo·
1634 1107 1637 1112 ¹

236 1147 314 1193 nem
341 1124 366 1193 i.
401 1146 432 1192 e.
462 1122 622 1213 spiritum
650 1122 888 1207 divinationis,
904 1123 1078 1214 ‘spiritum
1106 1125 1312 1216 fatidicum,
1344 1154 1360 1189 a
1393 1126 1582 1217 pythones·

170 1318 174 1324 ι
236 1230 393 1299 divinme
416 1229 579 1298 videntur
601 1235 634 1299 et
659 1252 728 1298 non
755 1231 920 1299 continuo
947 1228 998 1298 dii
1017 1236 1116 1316 sunt,
1145 1231 1298 1323 denique
1319 1255 1341 1300 a
1367 1230 1566 1312 christianis
1662 1247 1665 1253 ’

236 1337 435 1405 hominibus
452 1337 648 1424 effugantur
673 1364 690 1399 u
710 1346 845 1418 πύθωνες
869 1345 1073 1423 μαντεύονται,
1097 1337 1174 1407 ἀλλ’
1194 1337 1245 1426 ὑφ’
1262 1336 1406 1432 tartede
1424 1346 1563 1425 δαίμονες

236 1453 437 1533 ἑκριζούμενοι
462 1450 672 1531 φυγαδεύονται
697 1442 814 1532 (Clem.
845 1447 995 1531 Recogn.
1026 1449 1123 1527 t,20;
1159 1442 1283 1511 Homil.
1312 1450 1421 1539 9,16;*
1440 1446 1496 1513 M.
1529 1450 1561 1528 1,

238 1557 339 1632 13233
367 1555 400 1634 2,
424 1547 515 1639 253).
547 1552 593 1615 Eo
617 1549 756 1615 nomine
778 1547 965 1617 vocabatur
987 1548 1094 1617 draeo
1117 1569 1284 1637 magnus,
1310 1570 1415 1640 quem
1438 1549 1564 1640 Apollo

234 1653 424 1725 secundum
460 1652 597 1721 fabulas
630 1653 808 1749 oraculum
840 1654 1052 1745 Delphorum
1085 1653 1341 1723 custodientem
1369 1654 1579 1747 interiecits

235 1759 325 1828 unde
346 1761 419 1849 ipse
442 1759 582 1849 pythius
600 1765 651 1827 est
668 1758 864 1850 appellatus
878 1759 935 1850 (cf.
954 1760 1053 1829 Ouid.
1071 1765 1208 1829 Metam.
1227 1765 1254 1845 1,
1273 1761 1367 1853 tas).
1384 1761 1481 1830 Unde
1500 1783 1562 1828 no-

234 1866 335 1933 minis
357 1863 534 1932 translatio
555 1863 599 1932 ad
617 1864 778 1955 spiritum
798 1865 1022 1935 divinationis
1036 1866 1138 1935 facile
1152 1865 1378 1956 intelligitur.
1395 1871 1563 1958 Tempore

233 1971 437 2063 posteriore,
462 1975 501 2038 ut
524 1969 729 2038 Plutarchus
748 1975 891 2039 testatur
909 1971 976 2062 ,lde'
996 1971 1131 2041 defectu
1150 1978 1248 2041 'orec
1275 1973 1325 2064 9),
1350 1972 1563 2063 ventriloqui

235 2074 526 2168 (engastrimythi)
547 2070 814 2167 appellabantur
834 2085 982 2161 πύθωνες,
1009 2081 1044 2146 et
1058 2066 1215 2168 'puellam
1234 2077 1333 2146 illam
1356 2078 1460 2147 luisse
1480 2100 1562 2147 ren·
1632 2096 1639 2105 ’

233 2184 420 2273 triloquam
440 2178 575 2272 saepius
597 2181 717 2250 dicunt
736 2181 905 2273 (Wendt).
927 2170 970 2251 nt
988 2183 1024 2251 id
1042 2206 1116 2251 non
1134 2183 1280 2268 sullicit3
1302 2185 1425 2253 saltem
1442 2185 1560 2254 dicen·

3 2273 11 2281 ¹
119 2342 121 2346 Α
234 2288 320 2355 dum
341 2294 390 2356 est
415 2288 618 2356 daemonem
636 2287 700 2355 illo
721 2286 868 2356 artificio
889 2310 988 2358 usum
1007 2284 1027 2356 'e
1046 2290 1167 2359 ventre
1188 2290 1263 2359 eius
1279 2290 1436 2360 locutum
1454 2298 1489 2360 et
1503 2312 1562 2359 va·

233 2393 415 2462 ticinutum
438 2415 526 2475 esse3
552 2392 687 2461 obviare
708 2393 818 2479 nodis,
843 2416 931 2485 quae
958 2409 1142 2486 quaestum
1170 2418 1339 2488 mupoum
1358 2382 1561 2487 praemebat

200 2500 203 2503 ’
234 2498 384 2567 dominis
400 2499 472 2567 suis
497 2497 701 2580 divinando,
727 2486 887 2594 poterant
912 2522 983 2569 esse
1005 2501 1107 2570 unius
1130 2503 1219 2570 servi
1240 2502 1376 2572 domini
1389 2502 1508 2594 plures
1524 2524 1555 2571 e.

94 2694 96 2698 Α
234 2628 288 2694 gr.
307 2607 428 2673 fratres
443 2605 510 2672 duo
526 2604 623 2696 (Bb).

278 2710 331 2778 Uti
349 2711 533 2778 daemones
555 2711 764 2802 quandoque
786 2709 906 2780 laudes
923 2717 998 2782 lesu
1020 2713 1219 2782 clamabant
1238 2714 1352 2804 (ltere.
1376 2719 1468 2798 wls.
1485 2714 1556 2804 bt),

232 2814 281 2883 ita
305 2815 362 2883 hic
384 2814 531 2884 daemon
556 2815 667 2883 simile
691 2808 776 2907 'quid
801 2821 910 2886 tentat
933 2813 964 2886 r.
993 2825 1036 2887 17
1052 2819 1137 2888 baec
1155 2821 1337 2887 subsecuta
1353 2818 1506 2887 Paulum
1525 2833 1560 2887 et

232 2942 293 2988 nos
318 2920 488 2989 clamabat
507 2921 623 2990 dicens
648 2921 741 2989 :isti
758 2923 910 2991 domines
927 2923 1018 2992 servi
1036 2924 1103 2993 Dei
1126 2924 1254 2993 excelsi
1277 2937 1376 3011 sunt,
1402 2925 1466 3017 qui
1493 2948 1576 2995 una

232 3026 400 3095 ocentiam
420 3027 515 3096 vobis
534 3027 629 3096 oium
652 3028 794 3115 salutis,·
814 3028 967 3118 maligne
987 3029 1024 3097 id
1049 3030 1255 3099 daemonem
1279 3028 1400 3100 iecisse
1425 3031 1563 3102 clarum.

231 3138 281 3201 est
300 3132 424 3223 (Chr.);
445 3133 505 3202 sed
517 3156 579 3201 cur
592 3154 650 3201 ore
663 3134 800 3224 puellae
814 3157 896 3203 usus
908 3134 951 3204 sit
964 3135 1011 3204 ed
1028 3135 1098 3204 tale
1113 3136 1287 3205 edendum
1305 3137 1554 3220 testimouium,

232 3239 352 3331 quaeri
374 3244 496 3329 potest,
521 3227 716 3330 Respondet
741 3241 818 3308 Oce.
836 3240 1003 3310 :volebat
1020 3240 1246 3333 inposterum
1261 3243 1332 3311 lide
1347 3243 1495 3332 dignum
1507 3243 1557 3310 fa·

232 3368 308 3414 cere
324 3368 423 3413 suum
443 3344 692 3430 testimonium
709 3347 737 3414 si
754 3347 848 3415 enirn
861 3347 985 3416 Paulus
1000 3346 1092 3416 illud
1106 3347 1316 3432 admisisset,
1334 3350 1462 3418 multos
1476 3370 1556 3417 sane

231 3453 336 3521 etiarn
353 3452 564 3521 credentium
582 3452 755 3521 fefellisset
769 3459 947 3545 tamquam
966 3454 1011 3522 ab
1028 3454 1090 3522 illo
1106 3460 1298 3545 susceptus3
1318 3460 1504 3547 propterea
1515 3477 1557 3523 ea

232 3557 300 3625 dici
317 3558 398 3625 sinit
415 3580 503 3648 quae
515 3564 635 3627 contra
647 3581 684 3627 se
698 3559 839 3640 iaciunt,
857 3564 895 3626 ut
910 3581 972 3628 sua
988 3558 1392 3629 stabilias.n1iicausam
1408 3561 1556 3630 reddunt

231 3687 271 3731 ex
294 3665 368 3753 ipso
392 3670 514 3731 eventu
530 3685 634 3753 quem
653 3664 801 3733 daemon
824 3666 986 3755 sperabat
1003 3667 1091 3749 lore,
1112 3665 1187 3734 scil.
1207 3667 1355 3735 Paulum
1367 3667 1405 3734 id
1419 3688 1488 3734 non
1505 3664 1556 3734 la-

231 3775 362 3851 turum3
388 3791 424 3838 se
444 3770 490 3837 iri
512 3770 630 3861 utique
647 3771 843 3860 expulsum,
868 3775 904 3837 at
920 3769 1021 3837 simul
1041 3770 1195 3839 ob'lucri
1211 3773 1435 3840 cessationem
1451 3771 1556 3841 maxi·

233 3896 323 3942 mam
347 3874 384 3941 in
404 3877 547 3942 Paulum
568 3875 754 3944 eonllatum
772 3875 816 3943 iri
828 3874 1008 3960 invidiam,
1024 3874 1072 3944 ita
1088 3881 1127 3944 ut
1138 3877 1369 3967 expelleretur
1380 3878 1437 3945 vel
1451 3878 1555 3952 etiem

232 3978 444 4047 occideretur
467 3981 510 4048 ad
535 3981 585 4048 rei
613 3973 793 4069 religiosae
817 3980 1005 4050 maximum
1027 3970 1275 4051 detrimentum
1302 3982 1401 4075 (Lep.
1430 3983 1551 4073 lieet).

232 4087 351 4152 Censet
376 4106 458 4152 vero
482 4088 576 4153 Patr.
605 4091 711 4153 Deum
738 4087 883 4156 voluisse
906 4092 943 4156 ut
969 4089 1043 4176 ipse
1073 4086 1247 4156 mendacii
1274 4094 1396 4158 auctor
1417 4089 1554 4156 veritati

232 4189 464 4258 testimonium
498 4190 655 4259 redderet
687 4198 721 4259 et
747 4193 796 4261 itu
824 4194 898 4283 ipse
926 4191 1088 4261 iuimicus
1122 4193 1339 4262 occasionem
1371 4194 1556 4284 praeberet

231 4295 435 4366 ostendendi
451 4296 640 4386 potentiam
655 4297 764 4366 Pauli.
779 4304 983 4366 Daemonem
996 4297 1033 4365 id
1047 4305 1204 4368 coactum
1216 4298 1337 4368 fecisse
1351 4306 1385 4366 et
1397 4305 1554 4368 coactum
1568 4288 1576 4303 ⁵

232 4402 299 4470 sibi
315 4403 380 4494 ipsi
402 4402 559 4470 debuisse
583 4401 816 4492 expulsionem
835 4402 1044 4487 machinari,
1065 4404 1155 4472 forte
1174 4404 1454 4494 probabilissime
1476 4427 1554 4475 cen·

231 4509 297 4576 seri
322 4515 448 4600 potest;
473 4530 506 4578 v.
542 4512 582 4575 18
608 4507 670 4575 boc
693 4520 808 4575 uectem
829 4507 980 4596 faciebat
1001 4509 1123 4577 multis
1147 4508 1288 4596 diebus-
1306 4531 1472 4601 magnam
1495 4512 1553 4580 hic

231 4615 362 4683 invenit
384 4615 622 4682 difficultatem
648 4611 743 4703 Hilp.
769 4634 783 4680 .·
805 4639 822 4675 e
848 4615 1021 4701 quomodo
1049 4613 1167 4706 puella
1187 4636 1325 4707 semper
1351 4616 1471 4686 eadem
1496 4619 1553 4686 vie

135 4800 138 4806 ¹
233 4742 300 4809 qua
324 4720 375 4787 illi
391 4721 579 4788 tendebant
597 4719 640 4788 ad
661 4720 774 4789 locum
790 4721 956 4789 cretionis
969 4721 1039 4789 illis
1052 4719 1192 4823 obviam
1206 4722 1258 4790 ire
1272 4724 1404 4792 censeri
1419 4726 1553 4814 potest?
