4054 5442
1022 342 1090 396 scr.
1114 325 1233 396 2834.
1725 325 1784 382 ata

458 472 556 541 illum
578 480 782 563 operantem
807 474 866 559 (ci.
893 471 990 560 Gir.)
1010 494 1044 538 v.
1060 477 1079 537 3
1095 494 1172 561 eum
1188 483 1420 562 conpreqosset
1434 484 1549 537 aretem
1567 470 1697 538 Paulus
1711 493 1784 536 sar-

457 592 654 647 mentorum
679 578 904 669 aliquantam
932 575 1191 644 multitudinem
1222 591 1255 644 et
1285 576 1496 668 imposuisset
1518 600 1620 667 siqser
1646 578 1780 666 iqncua,

457 686 577 776 vepera
594 708 617 752 a
630 682 745 751 calore
760 705 840 750 cum
856 683 1087 772 processisset,
1106 706 1195 774 quae
1209 684 1384 751 scit-inter
1396 682 1456 749 illa
1470 690 1640 750 sarmenta
1654 684 1783 771 frigore

457 798 596 881 torpens
614 788 858 875 delitescebat,
880 796 916 857 at
935 811 1028 857 nuno
1048 811 1130 878 prae
1144 791 1260 857 calore
1274 789 1416 857 excitata
1432 812 1453 855 a
1471 788 1651 856 sarmentis
1664 790 1783 878 prodi·

458 896 517 963 bat
548 894 671 984 (Beel.)
699 895 830 963 inuasit
858 917 1004 964 manum
1028 896 1102 964 cius
1122 906 1237 982 retius
1264 894 1508 986 apprehendit,
1532 917 1637 984 quam
1661 917 1780 961 vocem

457 999 630 1090 explicant
660 1000 887 1071 Theodoretus
919 1002 956 1069 in
983 1006 1049 1070 cat.
1078 1003 1156 1070 Oec.
1194 1001 1338 1092 Theoplz.
1371 1023 1384 1067 .·
1404 1020 1438 1091 τῇ
1460 1007 1537 1089 χειρὶ
1564 1010 1632 1082 τοὺς
1660 1008 1782 1081 tetam

456 1113 639 1190 tptateeea,
673 1108 792 1175 manui
818 1107 981 1175 mordens
1007 1106 1164 1176 adhaesit
1181 1107 1316 1199 (lieet),
1346 1107 1528 1175 momordit
1555 1108 1663 1196 (Patr.
1691 1107 1779 1175 Felt.

456 1211 510 1281 Bt.
537 1213 660 1303 Weiss)
682 1219 718 1281 et
735 1236 777 1282 eo
799 1212 906 1281 modo
926 1218 1018 1283 certe
1040 1215 1145 1282 etiam
1162 1215 1347 1282 Melitenses
1363 1213 1399 1279 id
1419 1212 1512 1304 quod
1526 1212 1685 1280 viderant
1700 1236 1783 1281 con·

456 1318 645 1409 cipiebaut,
674 1320 835 1410 quamvis
858 1342 923 1387 vox
950 1319 992 1387 de
1013 1342 1050 1387 se
1071 1319 1182 1387 solum
1202 1319 1294 1387 dicat
1318 1318 1587 1410 :apprehendit
1610 1324 1719 1409 Atque
1741 1342 1780 1386 ex

456 1426 656 1493 narratione
687 1430 798 1494 linoae
828 1448 970 1517 quoque
1001 1425 1178 1514 colligitur
1206 1447 1356 1493 morsum
1388 1427 1504 1491 manui
1528 1448 1597 1492 esse
1616 1426 1778 1509 infixum

455 1551 539 1619 nam
566 1554 598 1600 v.
627 1539 647 1600 5
674 1531 837 1622 explicite
865 1532 951 1599 dicit
979 1554 987 1600 :
1012 1538 1195 1622 postquam
1215 1532 1357 1600 bestiam
1375 1533 1572 1599 excussisset
1592 1532 1628 1597 in
1647 1533 1778 1618 ignem,

456 1637 545 1703 nihil
567 1638 653 1704 mali
680 1659 801 1729 passus
829 1647 896 1720 est,
926 1638 962 1705 id
982 1638 1076 1729 quod
1100 1659 1181 1705 saue
1197 1644 1284 1705 esset
1307 1637 1405 1704 valde
1421 1660 1729 1727 supervacaneum,
1752 1637 1781 1705 si

456 1741 576 1833 vipera
593 1743 707 1833 solum
723 1766 759 1812 se
773 1743 868 1812 circa
885 1765 1030 1812 manum
1049 1743 1123 1811 eius
1137 1744 1436 1825 circumvolvisset,
1458 1765 1560 1833 quam
1575 1745 1780 1811 sententiam

455 1847 565 1938 aliqui
587 1854 723 1932 tenent,
745 1849 808 1940 qui
829 1849 986 1940 viperam
1010 1872 1031 1917 a
1053 1854 1120 1917 Deo
1135 1849 1322 1918 cohibitam
1337 1872 1407 1917 esse
1422 1872 1466 1917 ne
1481 1849 1650 1918 morderet
1664 1849 1780 1917 existi·

455 1960 563 2023 mant.
587 1956 723 2024 Pariter
742 1977 765 2023 a
781 1956 984 2024 narratione
1006 1955 1103 2024 abest
1121 1956 1215 2046 quod
1236 1956 1295 2023 alii
1315 1963 1523 2048 proponunt,
1544 1956 1698 2046 viperam
1721 1961 1780 2024 aut

454 2081 524 2127 non
548 2060 652 2129 fuisse
676 2066 881 2130 venenatam
909 2062 975 2130 etsi
999 2062 1185 2130 Melitenses
1208 2084 1283 2130 eam
1304 2084 1367 2152 pro
1393 2069 1559 2130 venenata
1577 2062 1776 2144 habuerint,

453 2166 506 2233 vel
527 2167 556 2233 si
579 2166 697 2249 fuerit,
718 2189 791 2236 seso
807 2168 921 2236 solum
943 2168 1136 2236 insinuasse
1153 2170 1272 2235 manui
1294 2168 1387 2235 Pauli
1408 2190 1478 2234 non
1495 2174 1609 2236 autem
1626 2189 1778 2234 morsum

453 2270 603 2340 infixisse
622 2272 759 2363 (contra
776 2296 863 2365 quas
881 2274 1069 2343 sententias
1091 2274 1179 2342 bene
1192 2274 1364 2364 disputant
1382 2274 1490 2342 Culm.
1507 2278 1602 2342 Patr.
1625 2273 1762 2363 tt'endt)

453 2378 576 2446 Dicunt
598 2378 704 2448 hodie
724 2379 797 2448 iam
818 2402 891 2448 non
915 2402 987 2449 esse
1007 2381 1177 2449 eiusmodi
1199 2381 1320 2448 bestias
1345 2382 1381 2449 in
1406 2380 1532 2455 insula:
1557 2380 1592 2447 id
1615 2380 1709 2469 quod
1728 2380 1778 2446 nil

453 2484 574 2566 refert3
600 2506 683 2553 nam
710 2486 795 2553 olim
825 2486 940 2554 insula
967 2487 1116 2555 arbustis
1137 2487 1385 2576 arboribusque
1407 2493 1480 2552 erat
1507 2485 1652 2567 consita,
1674 2485 1777 2553 hodie

452 2589 509 2657 vix
538 2590 683 2659 arbores
713 2591 976 2683 conspiciuntur
1002 2592 1059 2681 (et.
1094 2592 1264 2682 Breusiuq
1286 2593 1308 2660 l.
1343 2616 1371 2659 c.
1406 2615 1440 2681 p.
1468 2598 1547 2669 1913
1583 2592 1779 2681 Viqourouc

452 2695 476 2763 l.
509 2718 539 2765 c.
565 2720 601 2788 p.
626 2702 708 2779 3233
733 2697 847 2787 Felt.).
870 2698 1006 2766 Incolae
1025 2698 1168 2788 quidem
1190 2697 1227 2765 id
1247 2698 1408 2766 dicuntur
1432 2698 1534 2765 Paulo
1556 2698 1697 2788 eiusque
1720 2699 1778 2765 be-

452 2801 577 2870 neficio
607 2809 789 2895 acceptum
814 2805 944 2873 reterre
968 2805 1063 2894 quod
1094 2804 1159 2872 tuti
1184 2805 1251 2872 sint
1282 2828 1301 2871 a
1325 2806 1438 2873 bestiis
1460 2806 1635 2871 venenatis
1650 2805 1774 2891 (Calui.

454 2908 585 2998 Patr.);
610 2909 705 2999 quod
730 2911 851 3001 utique
873 2911 949 2978 sine
976 2910 1145 2978 miraculo
1175 2911 1336 3000 explicari
1360 2918 1484 3000 potest3
1511 2932 1590 2977 nam
1611 2910 1707 2977 silvis
1726 2933 1778 2977 ar·

452 3014 630 3104 bustisque
653 3014 897 3084 deficientibus
915 3021 950 3084 et
968 3015 1032 3084 soli
1052 3015 1247 3085 conditione
1267 3022 1396 3084 mutata
1411 3017 1512 3083 etiam
1528 3038 1657 3103 genera
1671 3038 1777 3106 quae·

452 3119 533 3187 dam
551 3119 722 3190 animalia
739 3122 776 3189 in
796 3121 915 3213 aliqua
929 3123 1070 3210 regione
1090 3123 1276 3209 exstingui,
1302 3146 1401 3212 saepe
1425 3124 1492 3189 iam
1510 3128 1663 3189 notatum
1680 3130 1777 3190 estet

451 3226 525 3315 ipsa
539 3226 741 3295 necessitate
756 3234 902 3296 naturae
915 3229 1080 3318 consequi
1096 3227 1210 3295 debet.

496 3332 579 3400 Vide
598 3332 760 3400 naturale
781 3333 949 3402 iudicium
963 3334 1056 3402 clare
1078 3356 1272 3423 expressum
1294 3338 1527 3422 itteptipspz'aea
1548 3336 1654 3423 κρίσιν)
1672 3335 1775 3402 etiam

452 3436 544 3527 apud
566 3437 735 3506 barbaros
758 3437 853 3529 (cte.
883 3439 1048 3531 Tltcopd.)
1070 3463 1101 3506 v.
1126 3445 1201 3507 'sut
1214 3462 1291 3508 vcro
1307 3439 1463 3507 uiderunt
1476 3440 1614 3508 lutuburi
1624 3440 1776 3530 penden-

453 3554 519 3610 tem
538 3542 681 3611 iestium
697 3543 740 3613 de
755 3567 864 3611 mena
886 3545 974 3632 eius,
994 3544 1043 3613 ud
1062 3545 1207 3613 iae-icem
1225 3546 1383 3614 <licebant
1402 3568 1415 3611 .·
1432 3548 1548 3637 utique
1565 3554 1683 3627 πάντως
1697 3570 1777 3637 pro-

452 3651 554 3732 iecte,
588 3649 731 3718 omnino
757 3650 815 3740 (ei.
840 3652 972 3740 utun),
991 3651 1167 3719 homicida
1193 3666 1242 3719 cst
1262 3652 1359 3719 licina
1380 3652 1434 3719 liic
1454 3653 1514 3742 (μα’
1534 3676 1610 3719 rum
1631 3654 1777 3720 eraserit

452 3753 495 3823 alc
508 3756 610 3840 otiari,
631 3755 719 3824 iiltio
735 3779 807 3824 uois
822 3757 906 3824 sinit
919 3779 998 3825 eum
1015 3758 1127 3825 cicere
1142 3765 1195 3827 :ia
1210 3767 1302 3827 stare-a
1316 3782 1383 3825 non
1399 3759 1568 3849 pe1·misit;
1586 3758 1671 3826 adeo
1691 3761 1776 3827 certi

452 3869 533 3930 sunt
553 3861 597 3929 de
620 3867 733 3931 morte
755 3885 833 3930 mox
851 3869 1030 3943 secutura3
1057 3871 1219 3954 poterant
1237 3865 1280 3932 ad
1298 3865 1363 3931 tale
1379 3865 1543 3932 iudicium
1561 3866 1678 3959 induci
1694 3865 1776 3956 quia

451 3966 595 4035 Paulum
614 3968 706 4036 inter
728 3967 883 4060 captivos
899 3991 974 4037 esse
993 3970 1174 4050 videbant,
1193 3971 1282 4039 unde
1298 3997 1337 4039 ex
1355 3972 1529 4038 invasione
1543 3972 1680 4061 viperae
1697 3994 1776 4040 con·

451 4074 597 4142 cludunt
618 4096 698 4143 eum
717 4097 790 4144 esse
814 4076 992 4146 hominem
1015 4076 1198 4165 insigniter
1218 4080 1459 4146 facinorosum.
1491 4077 1586 4157 Quod
1607 4078 1735 4147 dicitur
1757 4092 1775 4162 ἡ

452 4187 516 4264 δίκη
539 4179 564 4247 i.
591 4203 623 4249 e.
645 4180 711 4249 dea
733 4182 867 4250 lustitia
889 4170 984 4273 apud
1005 4188 1160 4265 Graecos,
1184 4184 1236 4250 rel
1258 4184 1455 4274 simpliciter
1477 4186 1619 4264 iustitia,
1642 4184 1775 4272 explica

452 4285 494 4353 de
524 4285 646 4355 ultrice
668 4287 817 4367 iustitia;
850 4289 1057 4378 exprimitur
1081 4290 1173 4357 enim
1196 4290 1419 4358 barbarorum
1442 4290 1576 4380 opinio,
1600 4289 1776 4356 crimene

450 4393 594 4460 numine
617 4392 737 4461 divino
756 4393 853 4463 haud
872 4395 1081 4484 impunitum
1103 4395 1267 4485 relinqui,
1288 4419 1403 4464 rerum
1427 4418 1503 4463 mox
1522 4396 1614 4464 hisce
1628 4396 1663 4462 in
1676 4396 1777 4464 terris

450 4496 541 4585 exigi
573 4498 753 4568 ultionem.
784 4505 857 4579 Qua
887 4501 924 4568 in
954 4502 1118 4591 opinione
1149 4525 1268 4570 verum
1297 4503 1381 4569 lalso
1404 4502 1592 4570 admixtum
1610 4503 1773 4570 cernitur.

450 4606 572 4671 Verum
602 4604 694 4693 quod
722 4606 772 4673 ibi
802 4606 887 4674 latet
913 4607 1014 4675 effert
1042 4607 1123 4677 Clrr.
1156 4630 1169 4674 .·
1192 4636 1209 4670 u
1237 4630 1321 4696 ergo
1345 4609 1579 4699 providentiae
1606 4610 1776 4676 rationem

449 4707 627 4778 habehant
649 4716 684 4778 et
707 4713 821 4801 magis
844 4713 1048 4803 philosophi
1067 4721 1165 4782 erant
1186 4737 1289 4805 quam
1310 4716 1374 4803 ipsi
1392 4715 1607 4804 pbilosophi3
1632 4714 1669 4780 hi
1683 4715 1776 4782 enim
