4010 5474
984 462 989 470 ,
1022 413 1089 458 rer.
1112 396 1248 467 roo-m.
1744 399 1802 456 aar

480 546 580 615 tertia
600 548 875 636 contignatione,
897 557 930 611 et
948 544 1102 612 sublatur
1124 555 1172 610 ert
1192 556 1355 631 arcelane,
1379 565 1418 610 ax
1435 542 1550 610 verbis
1563 547 1687 633 nequit
1704 545 1803 613 dubi·

478 653 545 720 tari
575 654 661 743 quin
686 673 803 719 revera
827 654 980 719 mortuus
1001 650 1105 718 fuerit
1131 650 1237 739 (Patr.
1267 650 1354 717 Felt.
1385 647 1521 738 Weiss),
1543 653 1578 715 et
1596 671 1667 715 non
1687 650 1801 719 solum

478 759 670 849 periculum
694 757 812 824 mortis
830 757 1015 825 incurrerit
1036 756 1233 846 (Cassiod).
1257 762 1417 824 luvenem
1437 755 1579 846 quidem
1598 777 1638 823 ex
1657 760 1803 822 naturae

479 863 695 944 necessitate,
719 884 788 930 non
812 886 851 931 ex
872 863 1028 952 ignavia,
1053 863 1251 929 dormitasse
1271 863 1319 928 ait
1340 861 1432 946 Clara,
1455 861 1516 929 sed
1536 860 1715 929 diabolum
1728 865 1802 927 tur·
1934 864 1937 869 ’

478 968 576 1035 basse
590 968 731 1051 festum,
748 992 811 1038 nec
825 968 1068 1061 praevaluisse.

523 1100 539 1135 «
566 1078 657 1155 luter
674 1075 782 1143 verba
800 1073 1070 1165 praedicationis
1084 1073 1233 1141 occurrit
1249 1062 1380 1142 oo'casio
1401 1073 1606 1157 curationiS,
1629 1077 1667 1140 ut
1687 1070 1802 1139 dulce·

477 1178 559 1247 dine
580 1180 739 1249 miraculi
757 1185 792 1247 et
814 1180 990 1247 doctrinae
1005 1201 1117 1247 sermo
1137 1179 1294 1247 firmetur
1310 1188 1343 1247 ct
1356 1179 1558 1266 vigiliarum
1572 1178 1673 1245 labor
1687 1200 1803 1246 arcea-

477 1291 535 1353 tur
555 1292 589 1353 et
611 1286 779 1353 memoria
797 1284 953 1372 magistri
971 1285 1042 1352 iam
1064 1284 1244 1353 discessuri
1262 1286 1388 1353 arctius
1408 1284 1581 1352 mentibus
1597 1283 1767 1373 infigatur
1783 1311 1800 1346 »

477 1390 572 1479 (Bed.
593 1390 721 1479 Saloe.)
741 1412 773 1456 v.
795 1394 835 1458 10
855 1388 904 1458 cd
921 1412 1022 1481 quem
1038 1413 1117 1459 cum
1131 1390 1354 1459 descendisset
1368 1391 1509 1476 Paulus,
1528 1390 1803 1479 incubuitruper

477 1517 556 1564 eum
576 1509 609 1563 et
627 1497 825 1588 compleras
846 1499 1073 1586 συμπεριλαεών
1096 1498 1140 1565 ab
1162 1498 1256 1564 omni
1277 1503 1391 1587 parte3
1412 1496 1505 1564 idem
1522 1496 1596 1564 fere
1614 1495 1689 1584 agit
1708 1495 1803 1587 quod

478 1601 561 1668 olim
582 1604 772 1693 prophetae
793 1602 883 1671 Elias
903 1606 934 1692 (3
958 1608 1041 1690 [teg.
1067 1605 1181 1693 1721)
1202 1609 1235 1670 et
1251 1604 1377 1671 Eliseus
1396 1606 1429 1692 (t
1448 1606 1532 1690 lteg.
1552 1601 1661 1691 ast),
1681 1600 1802 1668 dixit:

477 1707 585 1776 nolite
604 1711 753 1792 turbare,
779 1708 901 1777 anima
920 1709 1010 1776 enim
1028 1708 1136 1799 apcius
1155 1710 1192 1776 in
1207 1710 1280 1800 ipso
1295 1722 1365 1795 est,·
1378 1731 1491 1798 neque
1505 1708 1593 1776 dicit
1609 1730 1618 1775 ε
1635 1706 1750 1775 odbecc
1765 1707 1802 1774 iu

477 1816 552 1904 ipso
571 1821 638 1896 cst;
656 1825 739 1902 ergo
753 1814 855 1882 simul
869 1815 1001 1883 indicat
1014 1837 1093 1883 eum
1108 1815 1210 1883 luisse
1223 1821 1396 1884 mortuum
1412 1814 1548 1905 (lieet).
1564 1812 1704 1882 Miratur
1720 1812 1799 1882 Cirr.

477 1919 624 2010 apostoli
650 1920 868 2003 modestiam,
896 1919 959 2010 qui
978 1942 1049 1989 non
1066 1919 1192 1989 dixerit
1214 1942 1222 1990 :
1244 1920 1414 1989 suscitabo
1436 1941 1529 1988 curn.
1554 1946 1571 1981 «
1596 1924 1704 1988 Lucas
1731 1939 1803 1985 non

477 2026 526 2093 ait
544 2026 735 2114 Eutychum
757 2025 870 2094 stetim
890 2026 1094 2110 surrexisse,
1118 2027 1177 2095 sed
1195 2027 1357 2095 continuo
1379 2027 1460 2109 hoc,
1484 2032 1523 2094 ut
1537 2027 1586 2093 ita
1599 2023 1732 2107 dicam,
1752 2045 1803 2090 re-

478 2131 558 2198 licto
588 2130 733 2199 Paulum
765 2129 802 2198 in
836 2133 1062 2201 coenaculum
1085 2154 1278 2222 regressum
1303 2133 1483 2223 primaque
1506 2131 1584 2198 luce
1609 2129 1802 2220 proiectum

477 2242 613 2318 narrat;
638 2258 726 2326 quae
749 2238 882 2320 omnia,
903 2238 1000 2306 Pauli
1019 2238 1163 2328 inquam
1177 2239 1285 2306 verba
1300 2239 1508 2328 modumque
1522 2235 1700 2304 aoscriem
1720 2255 1802 2302 nar·

479 2342 619 2410 rationis
639 2343 668 2410 si
693 2343 901 2434 perpendas,
926 2344 1108 2413 concludes
1126 2366 1199 2412 rem
1214 2345 1264 2412 ita
1283 2350 1432 2432 gestam,
1454 2349 1493 2411 ut
1506 2342 1680 2432 Eutychus
1694 2343 1801 2408 vitam
1904 2351 1907 2356 ’

478 2447 619 2537 quidem
643 2448 737 2516 illico
758 2451 926 2542 receperit
955 2449 1060 2520 Paulo
1086 2449 1124 2519 in
1149 2472 1228 2518 eum
1249 2450 1484 2533 incumbente,
1508 2454 1544 2518 at
1568 2469 1705 2517 sensum
1731 2467 1801 2515 nou

478 2556 576 2631 item,
613 2555 672 2621 sed
706 2555 848 2640 sensim,
881 2579 994 2648 neque
1021 2556 1160 2625 omnino
1186 2556 1252 2625 nisi
1277 2563 1354 2647 post
1380 2554 1477 2623 Pauli
1502 2553 1755 2644 profectionem
1782 2580 1799 2614 »

478 2659 618 2751 (Pata).
639 2663 735 2729 Nunc
754 2661 894 2730 tandem
913 2661 1107 2731 celebratur
1125 2661 1348 2746 eucharistia,
1367 2662 1412 2730 ad
1431 2682 1536 2752 quam
1555 2657 1801 2727 celebrandam

479 2773 715 2835 convenerunt
734 2767 780 2857 (v.
801 2767 846 2857 7),
863 2790 896 2835 v.
916 2774 955 2837 11
969 2766 1154 2837 accendens
1166 2779 1281 2836 autem
1293 2768 1532 2858 frangensque
1541 2788 1670 2856 panem
1685 2769 1801 2844 κλάσας

478 2884 527 2941 :tv
550 2881 651 2961 ἄρτον,
673 2884 722 2943 τὸν
748 2895 812 2965 per
831 2873 1034 2943 relationem
1053 2875 1098 2943 ad
1117 2897 1150 2942 v.
1174 2882 1195 2942 7
1215 2874 1281 2966 (Bt.
1310 2873 1442 2963 ll⁷eir.r),
1459 2894 1544 2960 ergo
1560 2872 1603 2940 de
1623 2891 1730 2940 coena
1742 2869 1803 2937 do·

479 2978 605 3045 minica
628 2979 685 3067 (cf.
711 2979 927 3069 Araqurtintcr
949 3002 1005 3071 cp.
1028 2987 1082 3064 36,
1104 3002 1179 3072 cap.
1209 2985 1250 3049 12
1275 3003 1311 3048 n.
1335 2985 1394 3062 a&
1420 2981 1468 3048 M.
1498 2985 1554 3061 33,
1579 2980 1655 3066 119)
1683 2988 1717 3044 et
1736 2998 1803 3066 qu·
1852 3010 1856 3017 ’

478 3096 586 3169 stares,
605 3086 655 3151 uti
676 3084 715 3151 in
733 3106 840 3153 coena
851 3084 986 3154 Domini
1003 3091 1038 3155 et
1051 3086 1089 3154 in
1102 3087 1224 3178 agapis
1236 3085 1403 3166 fidelium,
1423 3086 1472 3153 ita
1488 3083 1545 3152 hic
1564 3104 1703 3175 quoque
1717 3104 1801 3150 con·

478 3190 609 3257 virium
632 3190 833 3260 adiunctum
854 3198 944 3272 crat3
965 3199 1149 3282 γευσάμενος
1176 3192 1220 3262 01.
1248 3199 1360 3273 10,10.
1389 3197 1437 3260 lta
1465 3190 1581 3259 animo
1606 3197 1641 3257 et
1658 3210 1802 3280 corpore

479 3296 627 3363 resectus
649 3295 763 3364 denuo
781 3297 905 3365 docere
921 3304 956 3366 ot
969 3298 1141 3368 exhortari
1156 3299 1303 3389 porrexit
1320 3321 1328 3366 :
1345 3298 1493 3389 satisque
1507 3296 1679 3366 allocutus
1695 3316 1802 3385 usqae

481 3401 518 3468 in
538 3401 665 3489 lucem,
688 3424 757 3469 non
777 3402 843 3471 sibi
861 3403 1053 3473 satisfacere
1071 3426 1168 3496 posse
1182 3403 1334 3487 videtum
1351 3406 1489 3474 sortasse
1503 3403 1597 3471 idem
1609 3402 1679 3470 iam
1695 3399 1802 3469 volvit

479 3509 597 3575 animo
615 3507 712 3599 quod
732 3514 850 3599 postea
873 3532 906 3578 v.
932 3516 974 3580 25
994 3510 1168 3593 enuntiat,
1192 3533 1227 3579 se
1247 3517 1369 3602 putare
1386 3509 1632 3579 ultimam'esso
1650 3507 1801 3577 occasio·

480 3635 560 3680 nem
574 3636 645 3703 qua
658 3636 738 3682 suos
750 3613 857 3706 possit
869 3614 1009 3708 alloqui,
1025 3615 1074 3685 sic
1085 3615 1261 3708 profectos
1273 3630 1335 3701 est,
1353 3624 1444 3699 αὕτως
1457 3620 1534 3707 post
1548 3614 1746 3707 participia,
1763 3618 1801 3680 ut

479 3719 754 3810 frequentissime
771 3744 909 3813 quoque
927 3721 1020 3813 apud
1037 3723 1202 3813 profanos
1216 3723 1314 3815 (Bt).

527 3825 662 3893 luvenis
684 3832 798 3894 autem
820 3828 866 3896 ad
887 3828 1041 3897 omnium
1062 3828 1230 3917 gaudium
1251 3830 1348 3898 rivus
1364 3851 1535 3920 sanusque
1553 3826 1734 3896 restitutus
1749 3828 1801 3890 est

480 3951 513 3996 v.
538 3936 578 3997 12
601 3928 824 4000 adduxerant
845 3945 962 4002 autem
977 3957 1130 4026 puerum
1152 3936 1333 4021 viventem,
1355 3937 1513 4027 quicum
1535 3938 1712 4001 mortuum
1732 3951 1803 3997 sus·

481 4035 639 4105 tulerunt
662 4042 696 4106 et
716 4059 835 4105 curam
858 4037 933 4107 eius
955 4046 1117 4128 egerunt,
1142 4054 1176 4109 et
1200 4040 1365 4109 consolati
1390 4053 1470 4108 sunt
1488 4062 1559 4109 non
1580 4036 1742 4119 minime,
1768 4040 1801 4104 εὖ

483 4152 610 4232 μετρίως
630 4165 699 4212 000
714 4143 932 4213 mediocriter
945 4144 1048 4237 (gig),
1063 4168 1135 4215 non
1150 4146 1283 4216 modice
1298 4148 1437 4239 (Pate),
1453 4147 1527 4216 scil.
1546 4144 1652 4216 ceteri
1666 4164 1799 4213 omnes.

483 4249 594 4318 Fuisse
620 4249 755 4319 criticos
776 4250 837 4341 qui
858 4251 1093 4321 narrationem
1115 4253 1205 4322 hanc
1229 4255 1475 4323 conformatam
1501 4274 1572 4322 esse
1596 4251 1747 4320 dixerint
1770 4254 1804 4315 et

484 4356 661 4425 confictam
682 4357 727 4425 ad
744 4356 1006 4427 similitudinem
1023 4357 1118 4426 illius
1132 4359 1225 4451 qnod
1243 4365 1360 4429 Petrus
1377 4358 1529 4430 effecerit
1546 4363 1641 4443 9,t0‚
1662 4377 1706 4423 ne
1725 4351 1800 4421 scil.

484 4463 608 4531 Paulus
625 4463 695 4531 ulla
709 4463 746 4532 in
760 4486 798 4532 re
813 4463 950 4532 cederet
968 4467 1084 4547 Petro,
1101 4488 1202 4535 nemo
1218 4466 1401 4535 mirabitur
1420 4464 1480 4556 qui
1494 4465 1634 4533 illorum
1648 4457 1803 4549 argutias

483 4567 630 4635 noverit.
659 4573 752 4637 llanc
775 4592 856 4638 vero
874 4559 1105 4639 narrationem
1125 4594 1198 4641 esse
1216 4572 1284 4641 tide
1302 4573 1443 4662 dignam
1462 4578 1531 4639 cta
1550 4575 1640 4640 Luca
1654 4564 1803 4635 fideliter

486 4698 502 4734 «
521 4694 560 4739 er
571 4695 632 4740 suo
647 4674 742 4744 fonte
757 4704 771 4737 0
789 4675 924 4746 narrari
938 4682 1059 4745 contra
1070 4675 1147 4748 illos
1166 4678 1290 4749 Wendt
1303 4678 1432 4748 asserit.
