4010 5474
1001 375 1068 418 scr.
1091 359 1247 430 aenam.
1720 362 1780 421 349

453 513 674 602 evangelium
693 515 767 579 erat
782 512 1031 599 propagatum,
1049 513 1083 571 et
1099 527 1176 572 curo
1192 504 1294 574 modo
1314 507 1521 574 mentionem
1541 509 1673 577 fecisset
1692 515 1779 578 Pau-

454 619 527 688 lum
555 618 704 686 voluisse
731 612 888 681 consulto
916 634 987 679 non
1016 611 1188 699 attingere
1217 613 1404 702 Ephesum,
1426 612 1587 703 Ephesios
1612 617 1781 684 antistites

453 727 577 793 saltem
594 744 666 790 esse
680 720 726 787 ab
741 740 781 785 eo
796 717 978 785 advocatos
992 718 1150 808 explicite
1164 718 1277 798 effer13
1293 718 1378 786 alios
1390 739 1527 809 quoque
1542 717 1692 786 adfuisse
1705 720 1781 808 ipsa

454 831 610 899 oratione
623 825 856 893 demonstrari
871 827 984 893 visum
999 833 1049 893 est
1063 826 1155 893 satis.

498 940 535 1001 ln
552 954 594 1000 ea
609 939 728 1001 autem
742 935 898 1001 oratione
912 934 1046 999 animus
1067 931 1270 1019 apostolicus
1288 931 1462 1020 praeclare
1478 930 1590 999 elucet
1605 937 1640 998 et
1657 931 1783 998 sollici-

452 1038 538 1107 tudo
568 1039 628 1107 illa
659 1038 848 1107 tenerrima
877 1058 981 1127 quam
1011 1036 1054 1102 de
1082 1037 1235 1102 omnium
1263 1036 1354 1122 gerit
1378 1037 1498 1105 salute.
1526 1039 1639 1105 Primo
1668 1038 1717 1104 eis
1744 1038 1782 1103 in

454 1151 606 1213 mentem
625 1151 765 1213 revocat
778 1149 909 1233 quanto
924 1140 1036 1208 studio
1053 1140 1125 1230 ipse
1143 1143 1178 1207 in
1197 1140 1343 1208 salutem
1358 1140 1510 1209 omnium
1526 1142 1780 1233 procurandam

454 1273 494 1319 ae
515 1250 792 1343 promovendam
814 1246 1011 1315 incubuerit
1033 1250 1076 1333 (v.
1096 1247 1231 1337 18·ar);
1253 1247 1335 1315 dein
1354 1246 1491 1335 attingit
1515 1250 1726 1338 praesentia,
1744 1270 1781 1316 se
1827 1264 1839 1283 ·

448 1363 571 1448 petere
606 1355 792 1423 Ierusalem
824 1359 985 1444 paratum
1009 1352 1054 1421 ad
1079 1353 1198 1421 omnia
1220 1352 1415 1437 subeunda,
1438 1374 1526 1443 quae
1556 1353 1623 1421 sibi
1651 1356 1780 1423 instare

453 1462 599 1553 Spiritus
616 1465 755 1529 sanctus
771 1459 984 1549 significaret
1007 1460 1051 1549 (v.
1074 1460 1211 1550 att-ath
1234 1464 1310 1528 tum
1329 1460 1442 1527 lutura
1458 1458 1667 1549 prospiciens
1686 1460 1779 1549 peri-

454 1568 532 1636 cula
555 1566 731 1649 fidelium,
749 1571 959 1658 protestatur
981 1587 1002 1631 a
1024 1587 1060 1632 se
1077 1566 1239 1656 praestita
1259 1587 1332 1633 esse
1351 1566 1466 1635 omnia
1480 1565 1605 1656 quibus
1623 1565 1780 1633 fidelium

453 1673 546 1743 salus
558 1674 597 1741 in
619 1679 695 1741 tuto
710 1673 874 1741 collocari
898 1674 1065 1761 potuerit3
1086 1693 1193 1760 quare
1215 1692 1336 1739 eorum
1358 1677 1510 1761 pastores
1528 1672 1681 1759 graviter
1706 1693 1781 1739 mo

453 1786 529 1864 net,
547 1785 585 1849 ut
603 1780 670 1870 ipsi
687 1801 827 1869 quoque
842 1777 961 1845 sedulo
980 1778 1172 1864 fungantur
1185 1777 1316 1861 officio,
1334 1798 1500 1845 memores
1518 1778 1668 1868 exempli
1688 1777 1782 1868 quod

453 1886 526 1977 ipse
554 1884 708 1967 dederit,
742 1891 777 1952 et
805 1889 842 1951 ut
869 1883 913 1951 ab
938 1884 1034 1951 omni
1057 1883 1222 1952 avaritiae
1252 1881 1365 1975 specie
1394 1888 1429 1952 et
1455 1883 1568 1952 studio
1596 1882 1685 1951 lueri
1714 1884 1783 1950 sint

453 2013 559 2082 qnam
584 1989 787 2059 alienissimi
817 1993 861 2077 (v.
886 1990 1016 2080 esea).
1043 1990 1188 2058 Putabat
1212 1991 1305 2059 enim
1328 1989 1589 2081 apostolus-sibi
1612 1990 1683 2059 iam
1710 2011 1782 2057 non

453 2098 536 2165 lore·
548 2096 845 2187 opportunitatem
862 2095 907 2163 ad
924 2118 981 2163 ecs
999 2094 1179 2179 veniendi3
1199 2094 1292 2164 unde
1319 2096 1416 2186 quasi
1443 2096 1594 2163 muneris
1618 2098 1670 2164 sui
1697 2118 1783 2185 quo·

454 2223 522 2292 que
557 2202 728 2269 rationem
767 2200 898 2277 reddit.
936 2208 986 2285 et,
1016 2208 1053 2267 ut
1086 2201 1168 2267 olim
1206 2202 1343 2270 Samuel
1371 2202 1403 2291 (1
1437 2205 1520 2290 Reg.
1558 2206 1635 2284 12,3
1671 2199 1779 2290 seq),

453 2329 552 2377 suam
580 2329 697 2375 eoram
719 2306 880 2375 omnibus
902 2307 1139 2395 integritatem
1158 2307 1288 2375 cunctis
1307 2312 1424 2376 nomm
1442 2328 1513 2375 esse
1530 2307 1723 2398 profitetur.
1737 2345 1782 2359 -

454 2420 532 2483 Esse
547 2413 740 2482 orationem
757 2414 964 2503 genuinam,
980 2436 1020 2481 ex
1035 2413 1192 2503 epistolis
1205 2436 1342 2504 quoque
1357 2413 1503 2505 apostoli
1520 2413 1780 2504 comprobatur,

453 2518 491 2587 in
531 2519 660 2610 quibus
701 2518 832 2588 similes
875 2520 1067 2586 sententiae
1105 2521 1341 2608 reperiuntur;
1379 2541 1454 2594 eam
1495 2540 1566 2587 esse
1602 2518 1647 2586 ad
1686 2518 1783 2587 illam

454 2625 671 2693 occasionem
694 2625 911 2715 aptissimam
940 2630 974 2691 et
996 2625 1099 2714 plane
1120 2630 1384 2694 consentaneum
1402 2624 1506 2693 rebus
1526 2623 1651 2715 Ephesi
1678 2622 1785 2712 gestis

454 2731 585 2822 pariter
598 2736 746 2799 constat.
1622 2732 1627 2745 '

500 2835 624 2928 lncipit
638 2835 761 2904 eodem
778 2839 850 2905 lere
869 2837 989 2917 modo,
1005 2861 1074 2927 quo
1093 2837 1402 2906 Thessalonicenses
1421 2837 1458 2904 in
1476 2835 1622 2927 epistola
1635 2835 1785 2924 alloqui·

455 2948 512 3011 tur
525 2949 560 3010 et
572 2942 768 3011 Corinthios
784 2946 817 3031 (l
841 2944 953 3010 Thess.
974 2951 1042 3025 1‚3.
1063 2951 1077 3010 1
1099 2948 1174 3010 Cor.
1192 2950 1244 3027 2st
1266 2942 1372 3033 seq.);
1387 2964 1421 3011 r.
1441 2949 1481 3011 18
1499 2943 1564 3032 qui
1581 2964 1661 3010 cum
1676 2940 1786 3009 oemi-

453 3062 528 3117 sent
542 3047 591 3116 ud
601 3070 681 3116 citui
696 3062 729 3114 ct
743 3048 853 3116 simul
865 3062 989 3136 essent,
1007 3049 1097 3117 (lixit
1112 3049 1161 3116 eis
1175 3069 1188 3114 :
1207 3071 1265 3115 vos
1281 3048 1389 3136 scitis,
1405 3049 1552 3139 aprima
1568 3047 1625 3116 die
1642 3070 1712 3138 pua
1728 3046 1785 3114 in-

454 3177 592 3246 pressas
615 3176 693 3222 sum
717 3154 754 3221 in
772 3154 911 3236 Asiam,
929 3156 1079 3245 pactiles·
1101 3153 1273 3223 oobiscum
1288 3176 1355 3245 per
1374 3175 1472 3222 omae
1486 3167 1619 3245 tempus
1635 3153 1787 3245 fiterim,·

425 3320 430 3327 .
455 3261 545 3330 bene
570 3260 655 3328 dicit
682 3258 830 3351 Theoplc
854 3271 979 3329 ἐνταῦθα
1004 3281 1181 3350 χαρακτῆρα
1205 3269 1394 3341 διδασκαλίῃ
1417 3268 1555 3331 δείκνυσι.
1579 3263 1702 3328 Notutu
1729 3259 1798 3327 (11·ι

455 3388 565 3456 gnum
586 3366 691 3433 estin
711 3367 821 3434 altera
840 3366 986 3435 lectione
1007 3375 1141 3458 tempus
1155 3367 1325 3456 assignari
1345 3367 1421 3458 plus
1440 3366 1608 3449 triennio,
1625 3365 1720 3457 quod
1738 3386 1784 3434 ne

456 3493 652 3563 repugnare
667 3471 830 3540 videatur
846 3479 936 3552 19,8.
958 3480 1009 3555 10,
1031 3471 1273 3563 explicandum
1292 3470 1358 3540 erit
1375 3494 1416 3540 ex
1436 3478 1536 3558 18,19
1556 3496 1565 3543 :
1587 3471 1631 3539 ab
1649 3494 1690 3540 eo
1707 3470 1781 3539 scil.

455 3586 611 3668 tempore
630 3599 700 3669 quo
718 3578 873 3668 primum
892 3580 928 3645 in
948 3580 1026 3646 hsia
1049 3578 1199 3669 (Ephesi)
1214 3577 1342 3669 incepit
1355 3577 1520 3648 disserere
1539 3579 1584 3647 dc
1602 3576 1783 3667 evangelio

456 3706 564 3774 usque
588 3684 633 3751 ad
656 3684 732 3751 cius
751 3683 939 3752 discessum
964 3687 1072 3775 (101)
1092 3686 1160 3752 tale
1181 3684 1344 3775 temporis
1360 3684 1508 3775 spatium
1526 3684 1659 3752 effluxit
1676 3683 1780 3774 (Bels.

456 3790 546 3880 Bl.);
563 3790 714 3880 qualiter
732 3791 853 3873 fuerit,
871 3791 940 3861 iam
955 3792 1107 3860 declarat
1129 3811 1136 3858 :
1158 3813 1190 3859 v.
1211 3797 1251 3859 19
1270 3791 1416 3859 seruiens
1436 3790 1581 3859 Donoino
1596 3813 1673 3858 cum
1688 3789 1786 3858 omni

456 3895 672 3978 sterelitate,
689 3898 735 3965 cs.
760 3902 856 3965 Rom.
879 3905 995 3981 m‚11;
1025 3904 1135 3981 rata.
1156 3897 1242 3988 Eph.
1265 3903 1334 3981 m.
1356 3898 1443 3965 Phil.
1461 3902 1537 3981 233
1557 3896 1663 3965 simili
1681 3897 1786 3966 modo

457 4001 641 4092 profitetur
667 4010 683 4069 1
711 4007 787 4069 Cor.
811 4011 867 4085 23
891 4012 924 4071 ct
949 4012 964 4071 1
988 4005 1101 4071 Thess.
1122 4010 1192 4086 aa,
1213 4016 1246 4071 et
1268 4001 1436 4089 lacrimis,
1455 4004 1499 4072 cl.
1520 4009 1542 4070 2
1565 4007 1640 4072 Cor.
1661 4007 1733 4087 2‚t,
1753 4006 1788 4073 et

459 4108 708 4176 resolutionibus
728 4131 819 4198 quac
836 4108 927 4176 asilii
941 4108 1139 4178 acciderunt
1159 4132 1202 4177 cx
1220 4107 1358 4178 insidiis
1368 4108 1591 4195 Iudaeorum
1611 4116 1702 4195 tas.
1724 4115 1785 4192 ³³3

458 4213 504 4283 ad
523 4237 609 4306 quas
624 4214 769 4283 insidias
781 4215 920 4284 videtur
933 4238 1070 4307 quoque
1084 4215 1237 4286 alludere
1260 4224 1276 4284 1
1299 4220 1374 4285 Cor.
1397 4215 1723 4301 recensitionem
1743 4213 1790 4281 ad

458 4321 585 4390 bestias
604 4343 778 4412 pugnasse
801 4323 924 4413 Ephesi
946 4324 1115 4413 (quamvis
1133 4322 1241 4414 aliqui
1260 4322 1430 4415 explicent
1447 4345 1526 4392 eum
1544 4323 1582 4391 in
1601 4342 1708 4390 amna
1726 4320 1787 4389 be-

459 4426 533 4495 stiis
556 4449 627 4495 esse
653 4427 830 4497 obiectum
860 4438 894 4497 et
922 4429 1086 4497 miraculo
1120 4428 1325 4520 servatum);
1351 4429 1395 4499 de
1420 4428 1552 4499 insidiis
1580 4427 1787 4497 ludaeorum

459 4532 583 4600 acerbe
612 4556 754 4625 quoque
780 4535 1003 4626 conqueritur
1030 4536 1102 4604 Gal.
1123 4542 1216 4618 5‚12.
1240 4535 1328 4606 Phil.
1351 4543 1421 4620 33.
1448 4544 1466 4605 1
1494 4537 1607 4605 Thess.
1627 4539 1784 4620 2,1t-1e;

459 4638 505 4706 ct'.
527 4642 626 4708 Rom.
652 4647 766 4724 1531.
791 4641 859 4710 Sed
889 4642 1045 4733 quamvis
1075 4641 1178 4710 luerit
1207 4643 1439 4711 vexationibus
1467 4643 1646 4734 obseptus,
1667 4647 1787 4709 tamen

458 4748 598 4815 strenue
615 4767 758 4816 munere
772 4748 912 4818 functus
925 4755 975 4818 est
993 4771 1028 4817 v.
1044 4755 1086 4816 20
1104 4748 1272 4840 quomodo
1291 4747 1384 4818 nihil
1400 4749 1629 4819 ueterucerim
1647 4746 1787 4817 utilium
