4092 5490
1047 440 1113 485 scr·
1137 423 1291 496 leno-lt.
1769 427 1827 486 247

501 574 594 644 unde
615 577 699 645 deos
721 580 898 664 assumpta
916 573 1032 662 specie
1056 573 1213 640 humana
1235 571 1328 639 adse
1350 570 1561 638 descendisse
1582 573 1828 643 admirabundi

501 680 663 751 clement.
685 681 833 769 vigebat
851 680 999 746 tortasse
1014 681 1182 748 memoria
1197 678 1333 747 tabulae
1349 677 1391 745 de
1406 676 1603 745 Philemone
1618 682 1652 745 et
1666 681 1824 765 Baucide,

455 808 460 819 ·
501 812 590 881 qnae
605 788 650 855 ad
665 785 854 874 Phrygiam
867 786 943 876 ipse
957 787 1110 875 pertinet
1124 785 1294 877 (Ovidius,
1309 789 1439 853 tletam.
1457 784 1572 875 Soio)
1589 791 1623 852 et
1635 786 1827 873 generatim
1895 816 1898 821 ·

501 901 634 963 veteres
653 891 844 960 credebant
863 892 947 960 deos
966 893 1105 983 saepius
1120 894 1232 961 torma
1246 891 1397 959 hnmana
1408 912 1481 959 sese
1497 891 1701 959 mortalibus
1714 895 1827 959 osten-

502 999 591 1067 disse
612 998 718 1085 (varia
737 999 887 1067 afferunt
905 986 998 1066 Beel.
1021 1002 1110 1087 Lep.
1128 1004 1162 1066 et
1176 996 1376 1089 praesertim
1401 997 1549 1087 Wetst.).
1568 998 1745 1086 Apostolos
1762 998 1829 1066 lin·

501 1125 608 1192 guam
619 1105 837 1195 lycaonicam
849 1126 923 1171 non
935 1103 1156 1187 intellexisse,
1176 1104 1298 1172 merito
1314 1126 1355 1172 ex
1366 1102 1562 1171 narratione
1575 1102 1709 1190 colligit
1721 1102 1799 1170 Glzr.
1815 1125 1828 1167 .·

504 1241 520 1273 c
543 1233 604 1281 sua
620 1207 702 1280 voce
722 1210 970 1301 loquebantur,
991 1210 1143 1278 dicentes
1160 1232 1168 1280 τ
1185 1209 1236 1277 dii
1252 1215 1335 1291 etc,
1352 1209 1430 1278 ideo
1448 1208 1535 1278 nihil
1552 1209 1594 1278 iis
1616 1208 1776 1278 dicebant
1793 1232 1827 1292 »3

501 1323 535 1385 et
544 1321 641 1387 Patr.
654 1318 743 1385 bene
758 1315 899 1406 exponit
916 1336 925 1383 τ
944 1343 961 1379 «
975 1321 1154 1385 curLucas
1167 1315 1205 1383 id
1218 1316 1444 1400 annotaverit,
1460 1320 1639 1403 Lystrenos
1653 1315 1827 1404 lycaonice

422 1512 425 1518 7
501 1425 633 1515 locutos
648 1444 720 1490 esse
739 1445 781 1490 ee
795 1444 886 1512 quae
901 1421 975 1513 ipse
990 1422 1114 1506 refert,
1129 1422 1231 1490 facile
1249 1421 1375 1490 sentias
1386 1442 1523 1490 causam
1538 1421 1628 1489 hanc
1643 1423 1760 1504 luisse,
1782 1444 1827 1489 ne

502 1530 578 1620 quis
593 1528 680 1595 torte
698 1528 789 1595 illud
808 1527 1010 1613 miraretur,
1032 1528 1126 1619 quod
1150 1529 1275 1597 Paulus
1300 1534 1334 1596 et
1357 1528 1528 1597 Barnabas
1548 1526 1676 1594 cuditis
1701 1527 1828 1595 talibus

500 1633 620 1724 populi
635 1633 941 1702 acclamationibus
958 1635 1021 1702 has
1040 1656 1110 1703 non
1129 1634 1246 1703 statim
1260 1634 1406 1703 aversati
1423 1635 1507 1718 sint,
1524 1655 1588 1700 nec
1612 1655 1829 1725 compescere

500 1740 712 1825 studuerint,
729 1741 791 1810 sed
805 1740 948 1809 siverint
961 1763 1038 1810 rem
1055 1764 1096 1809 eo
1116 1740 1297 1832 progredi,
1313 1739 1423 1809 donec
1436 1739 1568 1809 hostiae
1581 1739 1665 1831 ipsis
1680 1746 1830 1809 mactan-

501 1846 566 1915 dae
578 1846 845 1917 adducerentur.
862 1847 1034 1915 Nimirum
1049 1847 1117 1939 ipsi
1129 1869 1210 1916 cnm
1224 1847 1328 1916 verba
1349 1847 1516 1933 facerent,
1533 1869 1657 1936 graeco
1668 1869 1826 1916 sermone

499 1954 622 2044 procul
635 1953 743 2021 dubio
758 1954 959 2037 utebantur,
978 1954 1157 2042 lycaonice
1170 1953 1385 2037 nesciebant;
1400 1955 1484 2023 hinc
1498 1954 1584 2046 quid
1604 1956 1757 2043 Lystreni
1772 1975 1828 2022 ac·

500 2059 706 2143 clamarent,
727 2059 927 2148 intelligere
943 2060 1041 2130 haud
1054 2065 1255 2151 potuerunt.
1272 2063 1452 2129 Enimvero
1469 2065 1509 2128 ut
1529 2066 1743 2152 compertum
1763 2059 1827 2127 ha-

498 2163 606 2232 buere
620 2165 706 2257 quid
720 2174 884 2254 ageretur
908 2190 941 2234 v.
967 2174 1021 2250 13,
1039 2167 1132 2234 illico
1148 2188 1217 2236 non
1234 2187 1243 2236 τ
1268 2165 1355 2258 quid
1371 2166 1454 2235 haec
1466 2164 1584 2233 dicitis
1598 2167 1617 2232 ?
1633 2164 1693 2233 sed
1714 2186 1722 2234 :
1739 2163 1829 2254 quid

500 2271 584 2340 hacc
601 2272 750 2361 fecitis?
774 2272 1059 2341 exclamarunt».
1077 2272 1204 2341 Netihi
1229 2271 1271 2341 de
1290 2272 1379 2341 dono
1402 2271 1600 2359 linguarum
1620 2271 1658 2339 in
1676 2276 1828 2339 mentem

500 2378 632 2461 veniat,
650 2379 765 2446 recole
782 2388 798 2447 1
817 2382 894 2448 Cor.
916 2384 996 2461 Μ
1015 2401 1088 2470 seq.

544 2490 631 2554 llum
652 2486 806 2574 hystreni
825 2484 901 2553 istis
921 2485 1069 2577 aliisque
1084 2485 1389 2554 exclamationibus
1404 2507 1504 2554 suum
1521 2484 1734 2554 declararent
1755 2492 1827 2553 stu·
1955 2528 1958 2533 -

499 2613 636 2680 porem,
651 2592 801 2682 apostoli
823 2592 967 2661 domurn
990 2614 1026 2660 se
1046 2598 1252 2683 receperunt
1266 2592 1320 2680 (ct.
1342 2615 1374 2660 v.
1398 2591 1773 2680 repraesentantem
1793 2597 1827 2659 et

499 2696 642 2765 nomina
655 2697 800 2765 deorum
821 2699 864 2764 iis
882 2697 1010 2766 indunt
1029 2721 1062 2767 v,
1084 2705 1122 2765 11
1141 2710 1174 2765 ct
1188 2700 1356 2766 vocabant
1373 2695 1568 2765 Bornoham
1581 2699 1712 2779 Iovem,
1732 2700 1826 2765 Pou-

500 2803 571 2871 lum
591 2825 668 2871 vero
688 2803 919 2888 Mercurium,
940 2804 1109 2894 posonium
1124 2804 1195 2897 ipse
1211 2816 1286 2872 erat
1304 2802 1377 2871 dua
1390 2804 1502 2888 verbi;
1525 2831 1542 2866 «
1566 2803 1690 2894 opinor
1710 2808 1825 2873 autem

500 2915 638 3001 aspectu
657 2909 895 2978 venerabilem
917 2912 1020 2978 fnisse
1041 2910 1236 2979 barnabam
1258 2938 1275 2973 »
1301 2909 1394 3003 (Chr.
1414 2914 1471 2980 ciet
1488 2929 1544 2996 τῆς
1564 2917 1661 2998 ὅψεως
1684 2913 1825 2999 &ticeps-

499 3016 591 3105 πής);
615 3017 659 3083 ob
680 3016 745 3084 hoc
762 3016 927 3084 m‘delicct
948 3037 1029 3084 eum
1052 3016 1225 3085 nocebant
1246 3022 1375 3098 lovem,
1391 3016 1473 3108 quia
1494 3016 1592 3107 prior
1614 3038 1731 3085 eorum
1754 3037 1825 3084 esse

500 3120 676 3189 videretur
700 3120 837 3212 (Beda).
860 3121 1039 3190 Barnabas
1061 3127 1136 3190 erat
1160 3123 1300 3191 tortasse
1324 3144 1467 3212 corpore
1489 3122 1677 3213 procerior,
1700 3122 1825 3190 Paulus

501 3227 648 3295 enimin
671 3228 883 3319 apocryphis
907 3229 998 3297 Actis
1020 3228 1117 3296 Pauli
1139 3234 1174 3296 et
1194 3228 1336 3297 Theclae
1356 3235 1376 3296 3
1400 3227 1604 3297 describitur
1628 3248 1636 3296 ε
1657 3240 1762 3318 erepte
1782 3241 1824 3318 τῷ

502 3344 636 3422 μεγέθει,
657 3343 745 3420 ψιλὸς
767 3344 821 3419 τὴν
842 3343 977 3423 κεφαλήν
999 3342 1064 3404 etc.
1084 3340 1198 3403 lovem
1223 3340 1339 3403 autem
1357 3335 1539 3403 ltercurius
1559 3333 1716 3404 comitari
1739 3333 1826 3402 sole-

499 3439 576 3523 bat,
600 3441 743 3531 insuper
764 3440 852 3508 ratic
875 3442 1028 3508 nominis
1052 3441 1170 3509 valida
1187 3441 1343 3526 affertur3
1365 3463 1445 3508 nem
1467 3443 1650 3509 ltercurius
1669 3447 1720 3509 est
1742 3451 1825 3510 trec

500 3554 593 3634 λέγευ
610 3549 733 3635 ἡγεμών
750 3546 1009 3637 (lamblichus),
1027 3568 1107 3615 enm
1128 3551 1227 3615 vocat
1246 3550 1386 3617 Nonnus
1402 3550 1541 3637 γλώσσης
1559 3560 1715 3635 tecperto
1734 3566 1825 3635 σεφῆς

501 3657 636 3742 ἱθύντορα
668 3673 783 3740 possae,
819 3659 943 3722 notum
970 3659 1021 3720 est
1049 3652 1139 3722 illud
1168 3655 1294 3722 Horatii
1323 3654 1511 3738 :ltercuri,
1543 3653 1692 3722 fecunde
1719 3675 1825 3744 nepos

500 3758 645 3827 Atlantis
661 3759 737 3848 (lib.
766 3765 777 3825 1
798 3759 855 3826 od.
881 3758 1185 3850 10,1;videpluru
1201 3758 1293 3851 apud
1314 3760 1621 3851 Wetst.)llirantur
1632 3758 1742 3849 aliqui
1753 3758 1827 3849 ple-

501 3864 580 3932 bern
604 3864 647 3933 de
665 3864 731 3933 diis
751 3864 940 3954 cogitassc3
959 3866 1074 3956 potius
1094 3864 1252 3934 debuisse
1270 3866 1421 3957 cogitare
1436 3867 1479 3934 de
1495 3866 1615 3954 magis,
1634 3864 1677 3934 de
1690 3866 1823 3933 daemo-

501 3970 577 4054 niis,
594 3977 628 4037 et
639 3971 721 4039 inde
734 3994 874 4062 quoquc
886 3970 992 4039 fidem
1003 3972 1210 4040 narrationis
1222 3972 1412 4041 convellere
1422 3971 1560 4041 student
1572 3972 1691 4062 (Baur,
1704 3969 1822 4059 Zellcr,

504 4080 637 4163 Ocerb„
662 4076 815 4166 Wendc).
831 4078 898 4146 Sed
909 4100 1003 4147 nunc
1013 4100 1088 4147 rem
1104 4077 1268 4147 videbant
1281 4101 1302 4147 a
1316 4077 1509 4169 praestigiis
1524 4100 1706 4167 magorum
1720 4078 1826 4169 plane

502 4184 673 4252 diversam
688 4191 723 4251 ct
742 4206 863 4253 eorum
880 4184 1015 4252 artibus
1033 4185 1237 4274 longissime
1257 4185 1483 4276 superiorem
1504 4207 1612 4277 quare
1631 4185 1660 4253 si
1683 4184 1827 4272 magicis

502 4291 655 4370 artificiis
674 4293 799 4359 assueti
818 4297 934 4375 erant,
952 4291 1130 4359 dehebant
1147 4315 1242 4360 nunc
1262 4293 1423 4360 virtutem
1443 4314 1627 4381 agnoscere
1647 4290 1826 4360 sublimio-

503 4420 594 4481 rem,
611 4397 747 4465 infinito
759 4397 946 4465 intervallo
963 4398 1025 4465 ille
1042 4404 1275 4488 superantem.
1292 4404 1400 4477 Quare
1414 4403 1537 4466 Lucam
1554 4398 1640 4465 hacc
1654 4395 1827 4465 addidisse

502 4504 547 4572 de
566 4528 643 4589 suo,
662 4505 745 4595 qnia
765 4504 939 4573 incertum
957 4504 1133 4596 acceperit
1151 4506 1327 4575 rumorem
1345 4504 1388 4573 de
1407 4503 1523 4573 dimna
1544 4503 1765 4572 veneratione
1784 4502 1828 4569 iis

504 4611 657 4679 exhibita
678 4612 852 4701 (Wendt),
870 4611 940 4680 dici
960 4610 1095 4702 nequit.

549 4719 751 4786 veneraturi
771 4719 884 4808 igitur
906 4718 989 4786 deos
1013 4717 1223 4788 secriticium
1244 4725 1368 4810 parant
1390 4742 1424 4788 v.
1450 4726 1490 4787 12
1515 4716 1673 4787 sacerdos
1696 4738 1832 4809 quoque

477 4841 480 4845 ·
503 4826 591 4893 Iovis
610 4825 673 4916 qui
691 4838 766 4893 erat
780 4838 863 4893 orcle
886 4824 1066 4894 civitatem
1087 4842 1139 4896 τοῦ
1163 4834 1265 4913 ὄντος,
1282 4825 1410 4917 iupiter
1428 4826 1466 4894 in
1484 4823 1649 4895 suburbio
1664 4822 1833 4915 templum
