4154 5452
266 331 323 391 ias
802 341 869 389 aar.
892 326 1031 398 att-18.

182 460 190 474 ”
264 491 293 536 at
322 495 385 534 oum
416 483 541 548 patribus
567 484 685 542 uostris,
713 483 762 545 qul
791 481 898 543 aooeplt
943 478 986 528 39.
1009 469 1032 543 ᾧ
1062 470 1108 524 οὖα
1133 469 1260 539 ἠθέλησαν
1288 471 1394 540 barlaam
1420 471 1538 542 γενέσθαι
1560 471 1586 524 οἱ

263 571 350 624 verba
371 575 445 625 vitae
464 573 531 624 dare
553 570 644 622 nobis.
660 569 704 620 33.
727 568 779 620 cui
797 569 896 618 noluo·
940 561 1040 629 ταείρεπ
1056 557 1140 628 ἡμῶν,
1160 557 1223 626 ἄλλ]
1241 559 1384 626 animvm,
1404 558 1447 611 acl
1464 556 1588 629 ίστρίιρη.

262 664 328 712 runt
350 662 464 714 obedire
484 667 578 724 patres
596 659 698 717 nostru
717 656 767 706 sed
785 654 897 719 repule·
941 666 987 700 σαν
1010 647 1065 707 ταῖς
1087 645 1198 717 καρδίαις
1220 645 1301 701 αθεῶν
1321 647 1354 711 τίς
1376 646 1515 720 Αἴγυπτον,
1542 647 1585 725 ill.

263 758 342 817 runt,
366 760 395 802 et
420 749 512 801 aversi
534 752 600 798 sunt
628 745 757 796 cordibus
783 743 843 791 suis
867 743 896 790 in
942 734 1051 797 εἰπόντες
1082 739 1120 805 τῷ
1153 732 1262 806 Ἀαρὼν,
1291 736 1401 804 Ποίησον
1427 735 1490 808 ἡμῖν
1519 734 1589 795 θεοὺς

263 843 431 905 Aegyptum,
449 837 491 888 40.
508 835 638 886 Dioentos
654 832 691 882 ad
709 831 803 880 Aaron
819 838 827 882 ε
843 828 898 879 Fac
942 825 968 877 ol
996 823 1210 895 προπορεύσονται
1241 821 1320 894 ἡμῶν·
1353 824 1368 877 3
1400 824 1450 897 γὰρ
1479 823 1588 890 Μωυσῆς

262 928 344 980 nobis
362 927 431 978 deos
450 925 498 987 qui
515 919 684 986 praecedant
695 931 747 968 nos
765 910 897 980 :lloyses
941 908 1027 984 οὗτος,
1046 914 1073 976 θς
1095 911 1216 985 ἐξήγαγεν
1235 911 1301 984 ἡμᾶς
1324 911 1354 965 ta
1376 916 1425 984 γῆς
1441 912 1584 985 Αἰγύπτου,

262 1018 338 1068 anim
351 1015 398 1066 hio
406 1011 455 1076 qui
464 1009 560 1060 eduxit
572 1020 625 1059 nos
636 1006 672 1058 (le
683 1011 757 1057 terra
766 1007 895 1071 Aegypti,
941 1001 986 1057 οὗε
1017 1000 1123 1073 οίδαρεν
1152 1002 1178 1055 τί
1212 1003 1318 1073 γέγονεν
1351 999 1430 1073 αὐτῷ.
1466 1005 1511 1057 44.
1545 1002 1588 1056 καὶ

264 1104 404 1156 nescimus
429 1097 497 1163 quid
531 1095 634 1147 lactum
661 1097 697 1147 sit
724 1096 759 1146 ei.
789 1095 833 1147 ti.
862 1094 897 1146 Et
942 1091 1142 1163 ἐρεσσροποίερσαν
1181 1090 1208 1144 ts
1243 1092 1299 1153 ταῖς
1333 1089 1436 1162 ἡμέραις
1468 1089 1585 1155 ἐκείναις,

262 1191 382 1241 vitulum
406 1186 531 1238 ieoerunt
550 1186 580 1236 ln
600 1185 697 1237 diebus
715 1185 779 1246 illis,
800 1190 829 1236 et
846 1185 897 1236 ob·
941 1179 983 1233 καί
1010 1178 1138 1254 ἀνήγαγον
1166 1179 1251 1234 θυσίαν
1283 1185 1320 1253 τῷ
1346 1178 1459 1252 εἰδώλῳ,
1484 1178 1527 1232 sal
1550 1177 1587 1232 al·

264 1278 388 1330 tulerunt
405 1276 526 1327 bostiam
544 1274 703 1333 simulacro,
716 1278 745 1324 et
758 1272 898 1325 laetaban-
940 1269 1074 1339 ρραίνοντο
1100 1267 1125 1322 ἐν
1154 1271 1208 1332 τοῖς
1230 1268 1313 1341 ἔργοις
1336 1275 1386 1323 τῶν
1419 1260 1511 1343 χειρῶν
1541 1265 1588 1320 αθ-

264 1372 311 1418 tur
331 1367 361 1416 in
388 1364 519 1429 oporibus
547 1375 679 1414 manuum
705 1374 828 1414 suarum.
853 1360 896 1411 43.
942 1362 1001 1421 τῶν.
1035 1361 1081 1418 ii.
1112 1355 1249 1429 Ἐστρεψεν
1271 1356 1300 1411 si
1321 1359 1336 1411 ὁ
1360 1357 1431 1429 θεὸς,
1460 1356 1503 1411 καί
1527 1376 1589 1428 παρ·

265 1454 412 1507 convertit
437 1460 531 1504 autam
557 1453 634 1503 Deus
660 1457 689 1502 et
713 1449 825 1501 tradidit
849 1461 898 1499 aos
942 1446 1032 1498 ίδωαεν
1066 1444 1154 1507 αὖτοὶις
1185 1445 1313 1517 λατρεθειν
1346 1451 1378 1518 τῇ
1409 1449 1515 1517 στρατιᾷ
1545 1449 1590 1499 τοῦ

264 1545 371 1596 servire
406 1542 524 1593 militiae
552 1539 636 1599 coeli,
665 1540 737 1588 siout
765 1539 898 1601 scriptum
942 1532 1058 1603 οὐρανοῦ·
1074 1533 1170 1596 ,καθὼς
1200 1536 1340 1606 γέγραπται
1369 1534 1396 1587 lv
1429 1535 1509 1607 βίὸλῳ
1540 1540 1589 1589 τῶν

262 1634 307 1683 est
337 1634 365 1681 in
393 1630 465 1681 libro
493 1629 691 1693 prophetarum
721 1639 728 1673 :
757 1624 899 1689 Numquid
942 1626 1090 1692 προφητῶν,
1118 1619 1163 1687 Μὴ
1177 1623 1285 1694 ’σράγια
1314 1621 1357 1676 καί
1384 1624 1468 1686 θυσίας
1495 1642 1589 1695 προση-

262 1720 392 1772 vlotlmas
410 1722 440 1769 et
456 1718 564 1768 hostias
582 1714 721 1766 obtulistis
734 1713 899 1765 militamus
942 1711 1046 1781 νίγααεέ
1089 1729 1132 1782 μοι
1178 1709 1222 1778 itu
1264 1711 1449 1783 τεσσερθιοεεα
1490 1710 1517 1765 ἐν
1555 1716 1589 1784 τῇ

260 1807 449 1874 quadraginta
472 1807 501 1855 ln
523 1803 651 1865 deserto,
677 1802 776 1859 domus
800 1801 896 1852 lsrael.
942 1796 1037 1870 ίρείμῳ,
1068 1796 1140 1862 οἶκος
1174 1797 1292 1870 Ἰσραήλ;
1332 1803 1377 1854 43.
1414 1798 1476 1852 καθ’
1494 1797 1587 1852 διελά-

261 1896 306 1949 43.
322 1896 358 1947 Et
376 1894 540 1959 suscepistis
554 1891 762 1944 tabsmaculuro
775 1876 896 1953 Molocb,
942 1887 996 1941 tm
1039 1885 1084 1954 τήν
1121 1886 1216 1956 σκηνὴν
1252 1892 1297 1942 τοῦ
1339 1887 1450 1960 Μολδχ,
1481 1887 1524 1941 παὶ
1557 1889 1587 1942 τὸ

259 1989 289 2037 et
315 1984 392 2036 sidus
421 1984 467 2035 (lei
493 1983 580 2034 vestrl
600 1981 770 2045 Rempham,
792 1979 898 2044 figuras
941 1976 1032 2047 ἄστρον
1056 1981 1101 2030 τοῦ
1127 1979 1184 2031 θεοῦ
1206 1974 1332 2050 ‘Pappia
1354 1977 1412 2041 τοθς
1434 1976 1523 2039 τύπους
1545 1976 1588 2037 οὓς

260 2086 332 2139 quas
345 2070 666 2134 iaotsus,ad0raresas.
682 2068 718 2120 Et
731 2068 895 2120 transferam
942 2063 1072 2135 ἐποιήσατε
1101 2067 1248 2137 προσκυνεῖν
1278 2065 1372 2129 αθτυῖς·
1400 2066 1443 2120 καὶ
1469 2070 1588 2138 μετοικιῶ
1676 2109 1679 2113 .

260 2175 312 2214 vos
325 2165 404 2213 trans
416 2160 596 2224 Babylonem.
939 2153 1008 2238 ίιριᾶςι
1020 2157 1132 2209 ίαίαεευα
1150 2154 1308 2227 Βαθυλῶνος.

299 2349 331 2399 ln
350 2361 378 2398 v.
403 2346 434 2396 17
454 2340 625 2413 ωριολογηστν
645 2343 755 2401 κΑΒΟ
779 2342 820 2394 15.
844 2343 888 2395 33.
910 2348 955 2395 cat
971 2344 1041 2408 vulg
1061 2344 1167 2410 (domiti
1185 2343 1379 2411 oonatltuarat)
1398 2346 1452 2397 aab
1469 2358 1531 2397 arm
1548 2346 1588 2411 pli

264 2433 360 2501 (marg)
384 2435 466 2495 aoth;
493 2428 649 2501 ιπηγγιλατσ
670 2430 737 2493 DE,
761 2431 819 2483 Bed
838 2444 922 2497 quam
943 2433 1086 2496 pollicitus
1108 2435 1184 2496 erat,
1206 2434 1245 2485 tol
1264 2446 1351 2499 quam
1371 2433 1553 2497 promiserat,
1572 2445 1589 2485 ο

263 2525 340 2590 quod
365 2524 433 2587 poll.
455 2527 528 2584 erat;
552 2536 650 2589 ωμοσιν
671 2521 724 2571 ΗΡ
738 2522 800 2585 plor
816 2522 925 2571 minuas
947 2533 1003 2585 syr,
1019 2523 1058 2585 ph
1077 2534 1130 2586 cop
1150 2521 1223 2583 Cirr;
1239 2524 1290 2588 gig
1317 2521 1395 2587 quod
1422 2522 1534 2574 iurarit.
1556 2523 1588 2572 ln

262 2627 291 2665 ν.
311 2613 342 2663 48
357 2611 409 2664 DE
425 2608 536 2679 εμνησθη
551 2625 596 2661 που
608 2626 648 2671 ευ,
665 2610 714 2674 gig
729 2607 852 2660 nonfuit
867 2622 974 2661 mernor
983 2610 1096 2675 loseph.
1113 2611 1147 2661 ln
1161 2623 1190 2662 ν.
1202 2610 1236 2662 it
1246 2610 1303 2663 add
1316 2626 1345 2661 εει
1358 2626 1403 2662 του
1416 2626 1504 2680 γενους
1515 2626 1588 2661 αυτευ

263 2703 286 2754 D
302 2715 349 2766 syr
366 2702 403 2766 ph
419 2701 484 2751 aeth
499 2702 549 2765 gig
562 2701 692 2751 iniuriam
710 2699 893 2762 accipientem
910 2698 945 2751 de
964 2711 1069 2763 genera
1082 2713 1136 2752 suo
1142 2713 1150 2762 3
1167 2699 1223 2751 add
1237 2700 1260 2751 D
1280 2715 1323 2750 ααι
1341 2696 1443 2769 rapoto
1463 2716 1538 2751 αυτον
1560 2716 1587 2750 ιν

261 2807 292 2855 τη
308 2804 400 2857 apum
417 2790 470 2840 sim
483 2790 558 2840 aetb.
575 2788 607 2838 ln
621 2801 649 2837 v.
666 2786 699 2838 23
712 2784 749 2838 D⁰
762 2787 817 2838 add
831 2802 872 2836 aar
890 2785 952 2838 εεῖεεν
971 2803 1057 2847 αυτους
1070 2785 1224 2847 αδεαουντας.
1239 2787 1273 2839 ln
1286 2803 1316 2840 v.
1332 2789 1367 2841 30
1381 2784 1491 2857 αγγιλος
1503 2805 1586 2857 ευριου

264 2879 378 2931 DEllP
393 2879 420 2928 al
434 2878 496 2942 pler
509 2890 556 2941 syr
567 2878 605 2942 pir
620 2889 680 2927 arm
694 2875 759 2926 aeth
774 2875 841 2928 Chr.
858 2876 890 2927 in
904 2890 932 2929 ν.
947 2876 978 2928 34
996 2877 1019 2928 D
1033 2892 1048 2926 ο
1067 2892 1149 2945 αυρεος
1167 2892 1234 2928 εεπεν
1253 2893 1321 2927 asro
1333 2873 1430 2941 λεγειν,
1446 2879 1500 2929 sim
1519 2880 1585 2930 aeth

264 2980 322 3033 syr.
338 2968 371 3018 ln
387 2980 415 3016 v.
438 2966 471 3017 33
486 2967 509 3017 D
524 2980 567 3015 και
580 2980 679 3027 εγενετο
692 2979 761 3032 puro
774 2979 836 3031 προς
849 2979 932 3015 αυτον.
949 2966 982 3016 lu
996 2978 1023 3016 v.
1040 2966 1075 3017 37
1087 2965 1143 3018 add
1156 2981 1232 3017 αυτου
1246 2963 1382 3017 ααουσεσθε
1395 2966 1480 3020 CDE
1495 2967 1523 3018 al
1536 2967 1586 3031 plu

264 3064 310 3108 ost
322 3055 394 3120 vulg
406 3068 454 3117 syr
467 3056 505 3119 ph
519 3067 572 3120 cop
585 3066 646 3105 arm
660 3053 725 3105 aeth
741 3052 857 3118 'l'beoph
871 3055 930 3119 gig.
946 3054 978 3104 in
992 3067 1019 3103 v.
1036 3053 1071 3105 33
1085 3055 1137 3110 ttB
1150 3070 1219 3121 υριιν.
1236 3055 1268 3105 ln
1282 3067 1311 3106 ν.
1332 3055 1366 3106 43
1384 3069 1431 3113 ,του
1448 3053 1507 3107 θεου
1524 3057 1587 3107 sine

264 3161 335 3213 υρων
355 3145 407 3196 BD
428 3144 484 3207 aliq
502 3142 611 3194 minusc
628 3155 675 3207 syr
695 3143 746 3193 aab
764 3154 824 3192 arm
846 3141 930 3192 1r0r
953 3142 1091 3203 Philostr3
1115 3144 1194 3195 vario
1215 3142 1348 3194 scribitur
1368 3158 1476 3211 ριρραν,
1498 3158 1585 3211 ρεραν,

265 3248 354 3303 pappo,
369 3248 446 3301 ραραν
454 3270 462 3295 ,
478 3247 567 3300 ρερραν
575 3243 583 3293 ;
601 3231 636 3282 D‘
651 3246 689 3282 επε
702 3246 733 3281 τα
748 3245 809 3298 μερη
824 3231 842 3282 tl
856 3232 886 3281 ln
899 3231 961 3281 illas
972 3237 1076 3295 partes,
1092 3244 1109 3283 e
1123 3233 1153 3282 in
1167 3234 1286 3295 partem,
1302 3233 1354 3297 gig
1364 3234 1396 3282 in
1409 3235 1515 3297 partes.

310 3435 465 3523 Repetito
484 3431 791 3501 somersetiam
810 3437 964 3521 ternpore
985 3429 1133 3499 mosaico
1154 3453 1283 3521 magna
1297 3433 1471 3502 beneficia
1483 3457 1505 3502 a
1519 3438 1587 3502 lieo

266 3562 339 3608 esse
361 3540 501 3622 collata,
527 3560 605 3623 cum
626 3547 742 3606 tamen
771 3558 941 3628 nusquam
963 3537 1084 3627 templi
1107 3538 1161 3605 vol
1184 3538 1434 3609 sacrificiorum
1455 3542 1586 3610 mentio

264 3647 341 3729 fiat,
367 3646 416 3714 ita
439 3645 593 3713 indicans
611 3645 655 3713 ad
676 3645 760 3734 quid
775 3644 885 3712 oratio
902 3642 1038 3725 tandat3
1055 3667 1088 3711 ν.
1110 3652 1151 3712 17
1167 3666 1246 3712 cam
1259 3657 1376 3713 autem
1393 3647 1585 3739 appropin-

263 3765 386 3844 quaret
419 3765 551 3842 tenpus
570 3752 807 3842 pronu‘ssiouis
832 3752 929 3831 καθώς
957 3750 1128 3840 particula
1157 3754 1324 3842 temporis
1349 3752 1520 3845 accipitur
1549 3756 1587 3822 iu

261 3866 407 3949 utraque
428 3857 583 3925 versione
604 3879 698 3946 syra,
720 3858 827 3925 latina
841 3857 1005 3924 eteodem
1024 3856 1164 3925 notione
1178 3863 1201 3924 2
1214 3858 1321 3926 llach.
1342 3866 1440 3945 4,31;
1461 3860 1544 3928 item
1564 3883 1586 3927 a

258 3964 349 4033 Beel.
364 3965 473 4051 Feit.;
486 3964 545 4032 alii
565 3963 738 4032 notionem
759 3963 833 4031 eius
850 3962 1009 4032 usitatam
1029 3964 1179 4032 retinent
1198 3984 1207 4034 τ
1230 3970 1351 4055 prout,
1368 3987 1432 4056 pro
1451 3967 1584 4035 rationo

265 4094 340 4164 qua
357 4070 660 4162 appropinquabat
680 4070 838 4161 (Grimm.
859 4091 887 4137 s.
913 4093 946 4139 ν.
975 4069 1027 4137 Bl.
1061 4069 1202 4153 Wendt,
1223 4071 1368 4163 Weiss),
1386 4095 1494 4163 quiam
1508 4095 1587 4140 cou-

260 4180 370 4266 fessus
401 4191 474 4244 erat
501 4182 694 4266 ὡμελὲγησευ
722 4177 924 4269 promiserat
958 4175 1049 4265 (vida
1072 4176 1150 4246 leat.
1180 4177 1271 4267 var.)
1299 4181 1391 4246 Deus
1411 4177 1583 4267 Abrahae,

265 4285 370 4353 crevit
394 4285 545 4377 populus
570 4295 603 4350 et
625 4283 878 4375 mrcltiplicatus
901 4296 949 4351 est
971 4283 1009 4349 iu
1029 4287 1203 4375 Aeqypto,
1231 4288 1289 4352 Ex.
1316 4290 1391 4367 1:13
1416 4285 1511 4375 quod
1531 4284 1586 4352 in·

266 4398 478 4461 crementum
509 4389 633 4481 populi
658 4391 882 4459 continuabat
908 4402 1044 4481 (neque
1063 4396 1138 4459 tum
1167 4390 1322 4459 cassabat
1355 4391 1428 4459 ullo
1459 4399 1582 4482 pact03

268 4500 311 4568 cf.
325 4503 382 4567 Ex.
406 4497 498 4583 nia)
518 4519 551 4566 ν.
571 4503 612 4564 48
626 4495 847 4588 quoadusque
862 4497 1010 4565 surrexit
1029 4495 1121 4565 alias
1134 4519 1195 4564 rea
1213 4498 1251 4564 in
1262 4501 1420 4588 Aeqypto
1435 4497 1498 4590 qui
1511 4521 1583 4568 aon

265 4606 392 4674 sciebat
410 4603 544 4696 Ioseph,
572 4609 629 4671 Ex.
652 4610 708 4685 1,s
733 4626 790 4672 rex
814 4626 920 4672 novius
939 4605 964 4671 i.
992 4627 1022 4672 e.
1042 4626 1084 4671 ex
1102 4601 1172 4671 alia
1188 4602 1391 4703 familiavel
1406 4605 1577 4696 dynastia,

264 4714 313 4787 uti
340 4712 500 4805 Iosephus
523 4710 607 4779 dicii
630 4728 684 4797 τῆς
709 4717 858 4794 βασιλείας
885 4713 926 4792 εἷς
955 4720 1048 4781 :fatias
1073 4711 1156 4781 sisar
1178 4718 1418 4797 μετεληλυθυίας
1446 4713 1577 4803 (lntiq.
