4128 5442
90 390 107 403 ..
232 303 278 365 aa
505 270 509 279 ’
750 272 757 289 ’
791 312 858 394 ren
882 301 1000 373 erro.
1118 270 1150 309 ⁶

227 472 316 520 eam
346 453 466 522 Petrus
486 451 570 521 cam
600 451 730 518 Ioanni
751 447 871 516 dicit:
893 448 1022 538 respice
1042 448 1081 515 in
1106 467 1189 532 nos,·
1209 446 1260 514 uti
1287 469 1328 515 ex
1343 469 1377 514 r.
1408 454 1428 514 3
1453 452 1561 537 patet,

236 562 346 625 totum
360 557 427 625 hoc
438 557 557 645 agitur
568 560 663 624 extra
676 555 862 645 templum;
879 552 1031 641 postulat
1043 556 1163 620 Petrus
1178 552 1391 641 peculiarem
1406 574 1427 618 a
1442 551 1564 618 claudo

18 737 27 756 ι
119 653 131 733 ·]
236 664 459 733 attentionem
480 668 515 730 et
533 660 860 739 considerationem
882 678 963 724 eum
979 656 1093 725 reddit
1108 661 1277 726 attentum
1292 658 1339 726 ad
1355 656 1564 738 miraculum

236 771 331 863 quod
348 774 549 860 patraturus
567 771 632 843 est,
650 773 689 831 ut
702 765 731 830 is
743 762 795 829 rei
810 763 990 830 veritatem
1004 764 1099 831 testis
1112 762 1259 831 idoneus
1272 786 1442 854 exponere
1457 761 1564 854 possit

236 878 345 968 (Patr.
366 873 475 964 Beel.)
491 896 526 941 v.
549 878 571 939 5
591 882 628 936 at
644 868 703 936 ille
719 867 921 937 intendebat
941 869 979 936 in
997 892 1053 938 eos
1068 882 1264 962 speransse
1284 869 1425 960 aliquid
1442 892 1562 961 accep-

236 996 353 1054 turam
377 983 419 1047 ab
446 978 517 1061 eis;
542 986 663 1063 ἐπεῖχεν
691 980 792 1056 αὐτοῖς
813 975 887 1044 scil.
907 987 957 1044 ror
977 993 1058 1061 νοῦν,
1081 976 1229 1043 attendit
1251 974 1298 1043 ad
1321 995 1395 1055 eos;
1417 976 1461 1043 cl.
1480 979 1558 1055 Luc.

236 1093 314 1169 Μ
338 1091 373 1152 et
398 1091 415 1151 1
438 1081 524 1150 Tim.
549 1085 629 1163 tas
652 1079 805 1170 (attende
826 1080 890 1148 tibi
909 1086 943 1147 et
962 1079 1172 1172 doctrinae);
1198 1105 1231 1150 r.
1255 1088 1279 1153 a
1300 1083 1422 1149 Petras
1446 1092 1562 1148 antem

235 1192 358 1261 dicit:
379 1199 563 1278 arpentum
582 1200 616 1254 et
636 1208 761 1254 arcum
783 1208 854 1253 non
876 1196 931 1253 est
945 1187 1051 1275 milri;
1073 1216 1090 1250 c
1109 1187 1177 1255 hoc
1202 1187 1358 1278 ipsorum
1389 1185 1562 1253 omnimo-

233 1298 314 1368 dam
336 1294 413 1364 auri
433 1296 588 1384 inopiam
610 1292 843 1376 demonstrat,
860 1314 974 1383 neque
993 1292 1087 1361 enim
1110 1292 1206 1373 dicit,
1228 1298 1267 1359 ut
1282 1293 1562 1382 nostrequenter

234 1403 378 1473 dicimus
406 1422 414 1469 :
441 1402 508 1468 hoc
531 1402 604 1467 loco
626 1405 686 1467 aut
711 1400 779 1467 hoc
797 1403 953 1490 tempore
974 1420 1045 1466 non
1062 1398 1192 1482 habeo,
1217 1397 1280 1466 sed
1299 1420 1439 1489 prorsus
1460 1421 1469 1467 ε
1490 1421 1561 1468 non

230 1509 359 1590 haheo,
382 1506 579 1596 significans
598 1505 739 1573 omnino
763 1527 798 1573 se
817 1527 889 1572 non
909 1505 1084 1596 possidere
1102 1526 1227 1574 aurum
1247 1533 1263 1565 ν
1290 1504 1384 1596 (Orc.
1411 1503 1557 1595 Theopl.

143 1696 146 1703 ¹
231 1617 307 1685 sim
333 1613 446 1702 alep
470 1611 700 1703 proclamem
723 1609 842 1693 labeo,
863 1610 927 1679 ltoc
946 1610 1011 1678 tibi
1028 1609 1072 1678 do
1094 1632 1108 1676 .·
1127 1611 1166 1678 in
1184 1611 1325 1679 nomine
1339 1613 1416 1679 lesa
1433 1609 1561 1680 aaran

230 1718 407 1793 Nazarcni
420 1740 523 1808 carpe
537 1728 571 1784 ct
581 1715 743 1783 ambula!
760 1724 792 1785 ὲν
805 1718 829 1784 i.
848 1738 879 1783 e.
897 1715 1100 1784 mandatum
1113 1717 1221 1785 habet
1235 1716 1305 1784 vim
1321 1722 1356 1784 et
1369 1716 1558 1812 efficaciam

25 1808 52 1847 ¹·
226 1813 404 1897 fundatam
426 1824 465 1892 in
483 1821 625 1891 nomine
647 1827 739 1906 lesu;
765 1821 851 1890 fides
871 1823 944 1890 scil.
967 1821 1007 1890 in
1030 1828 1149 1897 lesum
1163 1828 1198 1890 et
1215 1822 1390 1891 invocatio
1409 1821 1499 1905 eius,
1520 1828 1558 1890 ut

94 2016 97 2023 .
230 1932 424 2025 patratione
444 1929 604 1996 miraculi
629 1928 778 2016 gloriam
803 1933 838 1996 et
858 1928 1046 2019 potentiam
1071 1950 1170 1997 suam
1190 1929 1406 2010 manifestet,
1430 1950 1558 1996 nomen

230 2062 331 2108 suum
353 2036 478 2106 reddat
501 2036 693 2123 gloriosum
708 2034 916 2103 adsalutem
938 2033 1187 2123 plurimorum,
1209 2035 1316 2103 elficit
1334 2034 1554 2105 miraculum.

228 2153 337 2236 Atque
359 2144 431 2212 eius
453 2141 607 2209 nominis
627 2142 735 2208 virtus
755 2140 871 2209 statim
889 2142 1053 2232 apparuit
1071 2164 1105 2208 v.
1128 2148 1148 2211 7
1170 2139 1432 2233 etappreltcnsa
1448 2164 1557 2209 mann

227 2254 297 2321 eins
320 2248 463 2318 dextera
485 2247 649 2316 allevavit
667 2269 746 2315 eam
772 2260 805 2314 ct
825 2246 988 2338 protinus·
1004 2247 1241 2316 consolidatae
1259 2260 1342 2316 sunt
1363 2250 1458 2317 bases
1483 2248 1557 2317 eius

230 2371 263 2429 et
275 2356 421 2450 plantae
426 2407 439 2444 ,
463 2365 493 2423 at
514 2359 628 2437 βάσεις,
648 2352 789 2444 proprie
803 2374 951 2441 gressus,
974 2354 1145 2438 incessus;
1167 2355 1248 2423 dein
1263 2354 1386 2446 pedes,
1407 2354 1460 2423 uti
1475 2359 1554 2445 Sap.

232 2469 349 2546 1s‚18;
365 2464 462 2529 notat
476 2459 570 2528 Beda
586 2478 599 2527 .·
615 2486 632 2521 «
648 2457 747 2526 bases
761 2481 887 2527 nomen
907 2480 1072 2548 graecum
1093 2466 1144 2529 est
1161 2467 1197 2528 et
1215 2461 1346 2552 inipso
1362 2481 1490 2550 graeco
1508 2459 1558 2528 sio

13 2570 49 2589 ”
138 2656 141 2661 γ
228 2572 395 2664 positum,
425 2566 520 2658 quod
541 2566 648 2633 latine
676 2564 830 2654 saltarus
847 2565 1037 2652 significat,
1064 2589 1134 2657 quo
1161 2566 1303 2634 nomine
1326 2588 1462 2655 gressus
1483 2566 1557 2635 eius

230 2675 451 2747 confirmatos
469 2672 611 2753 indicat,
627 2670 718 2741 sicut
731 2672 834 2740 etiam
851 2671 959 2740 latine
971 2671 1115 2762 quidam
1128 2673 1348 2764 interpretati
1361 2678 1441 2741 sunt
1455 2698 1491 2759 »3
1507 2678 1555 2741 καὶ

227 2787 266 2854 τὰ
279 2785 403 2871 σφυδρά,
416 2778 463 2846 al.
481 2783 574 2867 σφυρά
587 2782 621 2845 el
636 2776 712 2847 tali.
1221 2869 1222 2872 Ἴ

271 2887 380 2957 Sentit
398 2886 451 2952 vir
471 2884 540 2951 vim
562 2906 602 2951 ac
622 2882 779 2971 vigorem
798 2883 946 2974 pedibus
967 2885 1115 2976 talisque
1128 2884 1231 2954 reddi
1249 2907 1283 2953 v.
1302 2891 1324 2953 8
1343 2899 1377 2953 ct
1392 2885 1554 2954 exsiliens

229 2993 323 3065 stetit
341 3015 360 3059 e
381 2991 457 3059 loco
474 3012 543 3080 quo
561 2988 707 3072 iacebat,
729 2989 785 3057 vel
803 2989 978 3059 fortassee
992 2991 1081 3060 lecto
1093 2997 1154 3060 aut
1164 2991 1297 3060 ferculo
1310 2992 1350 3059 in
1367 3015 1437 3084 quo
1456 2991 1556 3060 baiu-

229 3100 368 3171 lubatur
397 3106 444 3187 (v.
470 3095 505 3184 2)
528 3116 606 3162 cum
627 3095 757 3182 gaudio
779 3095 936 3164 exsiliens
956 3096 1103 3166 firmiter
1122 3097 1272 3189 pedibus
1293 3097 1403 3181 stetit,
1425 3111 1459 3166 et
1479 3120 1554 3165 am·

228 3208 369 3278 ¹balabat
389 3215 423 3272 et
446 3200 590 3269 intravit
613 3223 692 3268 cunr
712 3200 784 3269 illis
803 3201 843 3269 in
858 3202 1023 3294 templum
1039 3205 1222 3273 ambulans
1242 3216 1276 3271 et
1291 3204 1452 3273 exsiliens
1471 3226 1554 3294 prae

229 3312 356 3402 gaudio
375 3322 409 3379 et
426 3307 574 3376 laudans
587 3309 717 3392 Deam;
730 3307 779 3376 ita
796 3307 979 3378 incedebat
991 3316 1030 3379 ut
1043 3332 1128 3401 prae
1143 3309 1276 3378 laetitia
1293 3333 1356 3401 per
1371 3310 1554 3378 intervalla

227 3417 400 3488 subsiliret
420 3413 578 3502 gaudens
600 3412 643 3482 de
662 3413 831 3481 beneficio
851 3422 1007 3506 accepto,
1030 3439 1183 3508 proquo
1203 3420 1271 3484 Deo
1289 3415 1410 3485 laudes
1424 3423 1460 3486 et
1471 3439 1553 3506 gra·

230 3528 353 3595 tia'rum
372 3520 523 3590 actiones
542 3520 664 3599 refert3
685 3543 717 3586 r.
739 3527 758 3587 9
778 3532 812 3588 et
830 3520 916 3589 vidit
933 3522 1044 3590 omnis
1051 3522 1206 3614 propicius
1224 3544 1304 3591 eum
1320 3523 1553 3613 mnlnlantem

228 3645 261 3701 ct
277 3627 477 3699 laudantem
496 3629 618 3709 Deam,
639 3648 672 3693 v.
697 3632 737 3693 10
757 3630 1003 3718 capnosccbant
1019 3642 1135 3697 autem
1160 3627 1263 3697 illam
1281 3628 1378 3719 quod
1392 3629 1463 3721 ipsc
1479 3642 1553 3698 crat

229 3738 291 3830 qni
311 3736 359 3803 ad
371 3733 623 3823 eleemosynam
639 3730 775 3799 sedebat
792 3731 840 3800 ad
858 3734 1057 3824 Speciosam
1068 3746 1213 3826 portam
1229 3735 1353 3827 templi
1367 3748 1400 3804 et
1419 3735 1554 3828 impleti

229 3848 310 3913 sunt
333 3852 470 3931 stupore
495 3849 527 3906 et
550 3837 663 3905 ectasi
685 3838 723 3905 in
746 3861 784 3907 eo
812 3838 909 3931 qnod
923 3840 1116 3932 contiqerat
1140 3840 1218 3930 illi‚·
1242 3871 1259 3904 α
1286 3841 1333 3910 ad
1356 3843 1552 3932 ngnifiean-

229 3951 310 4020 dam
337 3943 613 4034 magnitudinem
644 3943 884 4014 admirationis
912 3945 998 4016 duas
1029 3946 1206 4039 passiones
1233 3948 1342 4016 animi
1373 3950 1547 4041 apposuit,

228 4063 406 4146 stuporem
432 4051 575 4143 quidem
596 4051 870 4138 magnitudinem
893 4052 1135 4122 admirationis
1153 4054 1408 4143 significantem
1433 4062 1467 4124 et
1494 4078 1549 4124 ec-

228 4162 344 4231 stasim
367 4158 524 4226 effectum
544 4156 632 4239 eius,
648 4157 713 4225 hoc
733 4163 783 4226 est
806 4160 878 4228 lere
898 4160 1143 4229 alienationem
1162 4183 1184 4228 a
1204 4161 1327 4253 seipsis
1347 4189 1364 4225 ν
1390 4160 1494 4251 (Οαί.)
1516 4168 1550 4230 et

228 4265 323 4351 Beda
345 4268 441 4331 notat
466 4284 476 4329 ε
505 4289 522 4325 «
544 4263 614 4330 alia
638 4262 743 4331 editio
771 4288 833 4355 pro
852 4265 973 4334 ecstasi
995 4266 1019 4335 i.
1042 4289 1231 4336 concessu
1254 4268 1378 4335 mentis
1399 4265 1550 4346 adnuira·

229 4374 357 4445 tionem
373 4391 446 4438 non
468 4368 606 4458 proprie
626 4371 756 4460 posuit;
776 4371 857 4460 quia
872 4374 982 4441 maior
996 4372 1182 4442 admiratio
1195 4372 1285 4441 solet
1297 4393 1548 4465 nonnunquam

228 4485 376 4548 mentem
387 4474 439 4549 ,ad
458 4495 629 4550 excessum
650 4475 817 4545 deducere·
836 4486 869 4546 et
883 4480 975 4548 ultra
991 4488 1193 4549 consuetum
1212 4464 1391 4568 cogitandi
1406 4479 1548 4550 modum

228 4584 273 4655 ad
293 4584 421 4657 altiora
435 4582 621 4650 transferre
643 4609 672 4649 ν.
695 4588 804 4672 Atque
824 4583 888 4672 gig
907 4587 1040 4654 habet'z
1057 4592 1091 4655 et
1111 4584 1238 4677 repleti
1256 4594 1337 4654 sunt
1356 4592 1496 4679 stupore
1514 4594 1548 4657 et

228 4689 467 4779 ammiratione
490 4687 529 4757 in
559 4710 598 4757 eo
624 4688 717 4779 quod
741 4689 914 4758 acciderat
937 4692 980 4760 ei.
1007 4733 1052 4743 -
1075 4697 1248 4784 Repetunt
1268 4692 1379 4762 critici
1403 4694 1544 4786 (Weiss,
1644 4731 1649 4740 ·
