4154 5452
1061 433 1131 477 scr.
1154 417 1293 488 asa-sa.
1534 418 1536 424 “
1785 418 1843 478 179

516 578 709 642 nostrorum
733 569 831 662 (Bt).
855 570 994 635 Miratur
1016 566 1120 631 Weiss
1141 563 1344 654 petitionem
1368 583 1376 631 τ
1398 586 1440 631 ne
1464 565 1651 646 cuncteris;
1669 589 1733 633 our
1748 568 1843 634 enim

516 678 686 747 festinatio
709 673 911 764 requiritur,
934 676 1116 761 postquam
1136 676 1281 738 mortem
1298 670 1368 738 iam
1390 669 1497 737 obiit?
1516 669 1688 760 abripitur
1706 674 1844 760 pruritu

517 783 718 863 cavillandi3
742 778 837 849 unde
862 776 1079 846 obliviscitur
1103 779 1157 845 vir
1173 779 1294 845 doctus
1316 776 1432 845 solitos
1450 798 1522 844 esse
1541 776 1714 843 Hebraeos
1727 779 1844 867 sepul-

451 947 454 954 .
517 898 630 959 turam
641 908 712 955 non
726 885 884 970 differre3
905 884 999 953 unde
1015 893 1140 974 rogant
1158 906 1166 954 ε
1183 906 1228 952 ne
1242 883 1431 953 tardaveris
1444 883 1561 951 uenire
1574 905 1681 973 respice
1700 882 1749 950 ad
1761 906 1823 950 nos
1830 904 1846 969 ,·

516 1019 551 1062 v.
582 1000 623 1062 39
648 1014 836 1084 exsurgens
858 1004 974 1061 autem
995 995 1116 1060 Petrus
1138 990 1231 1058 uenit
1245 1012 1337 1058 'cam
1360 988 1446 1073 illie
1479 1003 1511 1058 et
1534 1011 1612 1057 cum
1636 989 1842 1075 advenisset,

519 1100 694 1169 duaerrmt
722 1099 822 1169 illum
854 1103 1007 1188 ἀνήγαγον
1033 1118 1170 1165 sursum
1193 1095 1381 1179 duxerunt,
1414 1095 1598 1164 ascendere
1626 1099 1784 1165 fecerunt
1807 1096 1845 1163 in

421 1210 423 1215 ’
520 1207 755 1276 coenaculum.
782 1206 880 1273 videt
900 1203 950 1272 ibi
969 1203 1067 1271 cuius
1088 1201 1139 1270 rei
1161 1223 1282 1269 causae
1301 1204 1345 1269 sit
1363 1203 1545 1271 advocatus
1564 1208 1598 1270 et
1611 1226 1673 1271 cur
1685 1208 1847 1294 expetant

518 1314 614 1383 illam
640 1316 729 1381 vitae
752 1310 905 1392 restitui,
919 1302 1064 1400 ¹quippe
1087 1329 1175 1398 quae
1201 1307 1287 1376 adeo
1313 1309 1504 1376 necessaria
1527 1309 1571 1376 sit
1599 1308 1644 1377 ad
1672 1331 1846 1401 pauperes

518 1419 749 1490 sublevandos
773 1439 782 1487 ε
807 1428 840 1485 et
864 1416 1161 1485 circumsteterunt
1184 1413 1283 1481 illum
1310 1437 1424 1483 omnes
1445 1414 1573 1483 uiduae
1593 1416 1717 1506 stantes
1739 1428 1772 1483 et
1792 1439 1845 1483 os·

521 1524 695 1594 tendentes
716 1512 954 1609 ἐπιδειννύμεναν
973 1522 1010 1590 in
1033 1543 1068 1588 se
1090 1521 1305 1589 ostendentes
1325 1522 1360 1590 ei
1375 1520 1510 1590 tunicas
1535 1533 1568 1589 ct
1584 1535 1707 1607 vestes,
1735 1529 1847 1589 vestes

520 1630 714 1722 superiores
738 1636 773 1698 et
793 1629 976 1698 inferiores
1001 1627 1145 1718 (Galat.)
1166 1650 1252 1719 quas
1273 1634 1328 1697 ’ὀσα
1348 1635 1494 1719 quanta,
1521 1634 1621 1719 quot,
1649 1628 1778 1696 dicitur
1804 1628 1847 1694 de

520 1735 621 1828 copia
646 1742 680 1805 et
708 1736 1002 1827 multitudine·(v.
1029 1741 1082 1803 13.
1113 1736 1311 1823 1o;15,12)
1335 1734 1485 1824 faciebat
1512 1734 1585 1803 iltis
1603 1738 1749 1821 Dorcas,
1778 1734 1846 1820 μετ’

520 1850 615 1914 αὐτῶν
643 1847 731 1929 cicc,
754 1865 834 1912 eum
863 1841 959 1933 apud
978 1840 1056 1909 illas
1075 1846 1177 1924 esset;
1199 1840 1361 1925 iaciebat,
1385 1869 1402 1903 a
1420 1849 1479 1910 aut
1494 1841 1643 1933 propriis
1654 1840 1846 1910 laborando

521 1951 698 2033 manibus,
720 1949 816 2041 quod
838 1947 1056 2018 verisimilius
1075 1955 1137 2031 est,
1158 1953 1199 2014 ut
1213 1953 1248 2014 et
1260 1946 1297 2014 in
1314 1970 1353 2015 eo
1373 1948 1482 2015 maius
1496 1947 1563 2016 sibi
1576 1950 1741 2017 meritum
1754 1971 1848 2017 com·

521 2061 676 2148 pararet,
701 2061 763 2124 aut
786 2054 883 2146 quod
904 2058 1045 2144 sumptu
1064 2076 1126 2122 suo
1143 2051 1381 2142 indigentibus
1399 2059 1508 2121 vestes
1525 2056 1648 2139 emerit
1667 2083 1684 2117 ν
1705 2054 1847 2144 (Saloe.)

522 2163 578 2230 vel
591 2163 797 2252 utrumque?
854 2232 857 2239 ,

566 2273 641 2335 Non
674 2266 846 2335 dubitavit
871 2272 1006 2351 Petrus,
1035 2264 1119 2357 quin
1152 2265 1230 2356 piae
1256 2265 1457 2353 largitiones
1486 2272 1520 2333 et
1552 2289 1659 2357 opera
1687 2267 1849 2355 religiosa

522 2374 648 2442 iunctis
673 2378 724 2442 tot
746 2395 940 2463 pauperum
968 2371 1119 2440 lacrimis
1144 2371 1370 2463 impetrarent
1392 2395 1412 2441 a
1431 2378 1498 2442 Deo
1516 2371 1715 2464 prodigium
1742 2374 1848 2462 longe

523 2481 692 2548 illustrius
720 2501 826 2571 quam
849 2479 947 2571 quod
964 2478 1101 2568 Lyddae
1119 2483 1292 2569 patratum
1310 2482 1384 2547 erat
1400 2478 1457 2569 (ci.
1476 2478 1602 2568 Calor.)
1617 2503 1649 2546 v.
1670 2486 1712 2548 tt)
1733 2480 1848 2547 eiectis

524 2600 640 2655 autem
665 2584 822 2654 omnibus
843 2587 955 2676 soros,
984 2608 1053 2677 quo
1075 2585 1259 2653 instantius
1284 2592 1373 2669 oret,
1399 2584 1473 2653 sine
1494 2584 1634 2653 arbitris
1661 2607 1733 2652 esse
1753 2586 1845 2667 vult3

524 2694 621 2762 abire
640 2693 751 2777 iubet,
772 2714 818 2761 ne
830 2714 929 2761 saera
949 2692 993 2760 ad
1013 2696 1119 2760 Deum
1142 2690 1345 2782 supplicatio
1364 2689 1515 2759 tumultu
1535 2691 1730 2779 lugentium
1749 2694 1848 2782 quasi

524 2800 737 2890 profanetur,
758 2798 931 2881 turbetur,
952 2800 1074 2867 Petrus
1086 2820 1219 2888 ponens
1235 2819 1352 2886 pertua
1366 2798 1494 2883 oravit,
1509 2797 1666 2865 intensae
1682 2798 1848 2865 orationis

524 2905 591 2973 hoc
609 2910 659 2972 est
674 2904 844 2974 indicium
865 2903 994 2997 (Cha),
1011 2904 1071 2995 qui
1085 2904 1160 2972 sola
1173 2903 1298 2971 umbra
1311 2903 1463 2995 corporis
1475 2910 1636 2991 aegrotos
1651 2911 1846 2979 sanaverat,

525 3012 581 3079 hic
603 3012 747 3103 suppleri
767 3010 863 3079 flexis
883 3011 1031 3098 genibus
1044 3014 1136 3097 erat,
1153 3033 1193 3080 ex
1207 3033 1275 3101 quo
1293 3009 1469 3091 discimus,
1486 3009 1535 3078 ait
1552 3011 1676 3092 Calue„
1694 3012 1778 3079 viris
1793 3012 1848 3079 vel

525 3116 743 3186 sanctissimis
761 3138 834 3185 non
847 3116 892 3185 ad
908 3121 1032 3185 nutum
1045 3121 1181 3207 praesto
1194 3138 1264 3184 esse
1276 3116 1449 3208 prodigia,
1465 3116 1526 3184 sed
1540 3118 1748 3206 postulanda
1763 3141 1846 3186 esse.

526 3229 573 3291 En
600 3244 706 3314 quam
729 3222 868 3291 diverso
891 3221 996 3291 modo
1022 3227 1112 3291 lesus
1130 3222 1298 3292 miracula
1309 3222 1476 3313 patravit,
1492 3234 1525 3289 et
1541 3206 1694 3292 oratione
1706 3225 1795 3292 lacta
1813 3226 1849 3292 in

526 3352 596 3420 qua
618 3335 733 3398 certus
754 3329 922 3397 divinitus
946 3328 1156 3397 reddebatur
1173 3328 1216 3396 de
1234 3329 1450 3396 exauditione
1469 3351 1650 3397 conuersus
1664 3329 1713 3396 ad
1727 3354 1849 3421 corpus

528 3433 843 3522 diatessarum,
872 3457 989 3526 sarge,
1020 3434 1153 3503 addunt
1184 3434 1294 3525 aliqui
1320 3440 1423 3503 testes
1451 3457 1459 3505 :
1487 3434 1523 3503 in
1551 3437 1690 3504 nomine
1712 3439 1847 3505 Domini

528 3543 639 3612 nostri
661 3547 688 3612 l.
713 3543 793 3613 Chr.
814 3554 853 3611 at
873 3541 939 3610 illa
960 3540 1098 3634 apoterit
1117 3541 1233 3609 oculos
1254 3563 1334 3609 suos
1355 3553 1388 3609 et
1409 3541 1478 3609 uiso
1496 3545 1597 3610 Petro
1613 3542 1760 3629 resedia-
1772 3567 1850 3612 eon·

528 3648 637 3717 eludit
660 3647 792 3717 Weiss:
807 3668 892 3738 ergo
906 3649 1003 3717 novit
1018 3652 1172 3731 Petrum,
1194 3669 1277 3737 ergo
1293 3647 1343 3737 (in
1362 3648 1630 3717 contradictione
1646 3673 1724 3718 cum
1740 3674 1774 3718 v.
1790 3654 1848 3738 38)

528 3777 582 3823 res
602 3754 746 3843 geritur,
772 3754 858 3822 dum
882 3760 1002 3824 Petrus
1022 3761 1177 3823 versatur
1198 3753 1234 3822 in
1255 3754 1622 3846 lappe-mirandum
1639 3764 1688 3825 est
1702 3780 1848 3825 acumen

527 3860 573 3929 ad
590 3861 841 3930 cavillandum!
859 3861 920 3931 sed
934 3861 1046 3948 magis
1063 3861 1270 3944 mirandum,
1290 3860 1383 3951 quod
1397 3861 1529 3930 auctori
1542 3861 1629 3930 adeo
1643 3885 1761 3931 secum
1773 3864 1848 3953 ipso

527 3967 698 4059 pugnanti
723 3967 882 4036 laborem
903 3967 1090 4059 impendit;
1114 3989 1148 4037 v.
1178 3974 1216 4037 tt
1246 3965 1333 4035 dans
1356 3981 1473 4035 aretem
1498 3967 1554 4035 illi
1565 3990 1716 4035 manum
1742 3971 1850 4037 erexit

528 4094 624 4160 eom,·
648 4086 780 4142 etcum
802 4086 953 4143 uocasset
978 4086 1131 4156 sanctor,
1156 4072 1288 4152 fideles,
1318 4095 1350 4140 v.
1375 4081 1430 4159 13,
1450 4085 1482 4142 et
1498 4073 1638 4164 viduas,
1656 4077 1850 4166 arripuerit
1936 4164 1939 4171 γ

528 4203 605 4248 eam
627 4190 824 4270 παρέστησεν,
844 4187 912 4263 1,3,
929 4178 1102 4263 exhibuit,
1121 4177 1260 4247 sistebat
1274 4180 1403 4263 vivant,
1417 4180 1492 4248 aliis
1505 4181 1550 4250 ad
1564 4183 1848 4263 consolationem,

527 4284 639 4356 viduis
656 4286 702 4355 ad
720 4285 948 4378 patrocinium
969 4284 1065 4377 (etr.
1083 4284 1260 4377 Tiamaa).
1280 4290 1394 4378 Neque
1412 4289 1526 4355 truetu
1545 4288 1684 4356 carebat
1700 4291 1850 4357 miraeu-

477 4436 485 4452 ·
530 4392 602 4462 lum
631 4416 664 4461 v.
697 4399 741 4462 t2
769 4404 890 4461 notrcm
907 4405 1024 4464 autem
1042 4397 1182 4485 factum
1200 4406 1249 4462 est
1260 4415 1327 4486 per
1343 4393 1537 4462 unirersam
1554 4396 1698 4485 Ioppen,
1723 4407 1756 4462 ct
1780 4419 1851 4462 erc·

532 4498 695 4568 diderunt
718 4502 823 4570 virecta·
836 4501 875 4568 in
898 4500 1064 4585 Domino,
1088 4506 1136 4571 ἐπὶ
1153 4512 1204 4572 τὶν
1224 4504 1354 4592 Κύριον;
1380 4500 1504 4569 dicitur
1525 4510 1574 4570 ἐπί
1598 4501 1688 4569 inter
1712 4502 1780 4570 alia
1806 4502 1850 4570 de

533 4605 722 4676 directione
742 4607 782 4677 in
809 4607 980 4700 aliquem3
1003 4607 1088 4677 fides
1117 4612 1231 4677 autem
1256 4607 1367 4676 tendit
1390 4607 1429 4675 in
1451 4613 1574 4689 Deum3
1602 4609 1749 4676 eredunt
1779 4632 1851 4678 sese

534 4718 766 4783 convertentes
789 4715 834 4785 ad
859 4716 1041 4785 Dominum
1065 4714 1123 4806 (et.
1145 4738 1178 4782 v.
1205 4713 1278 4805 35);
1302 4720 1450 4783 ceterum
1471 4714 1509 4782 in
1527 4713 1698 4783 latinitate
1712 4714 1851 4804 vulgari

534 4841 636 4912 saepe
659 4820 752 4890 inter
768 4843 803 4890 so
824 4820 1031 4892 commutari
1052 4821 1089 4889 iu
1114 4843 1192 4889 eum
1218 4819 1369 4890 ablativo
1388 4825 1422 4890 et
1438 4821 1627 4891 accusativo
1647 4828 1765 4890 notum
1787 4830 1848 4891 est.
