4154 5452
272 314 332 373 126
831 336 905 382 Ἀετ.
929 320 1012 390 7,16.

268 463 370 531 laeob
384 464 476 533 enim
487 466 537 534 ibi
551 469 703 558 sepultus
711 473 775 553 est,
788 468 849 537 ubi
861 470 1037 538 Abraham
1046 475 1081 536 et
1096 472 1194 536 Sara.
1206 472 1253 535 lte
1267 488 1309 534 ea
1323 486 1406 533 vero
1414 466 1591 555 emptione

265 592 370 662 quam
389 573 447 640 hio
461 574 653 665 Stephanus
666 580 912 642 commemorat
924 575 960 641 iu
975 598 1003 642 s.
1020 575 1144 642 litteris
1157 596 1227 641 non
1239 578 1426 642 estsermo.
1443 573 1591 640 Gensent

263 678 374 771 aliqui
392 681 606 770 Stephanum
618 681 784 747 memoria
797 680 933 768 lapsum
947 679 1070 745 dixisse
1082 678 1275 759 Abraham,
1287 679 1348 747 ubi
1364 677 1464 747 laeob
1473 676 1590 745 dicere

263 786 384 854 debuit
408 785 464 852 vel
488 786 573 851 duas
599 784 676 851 illas
704 786 917 850 narrationes
945 785 982 849 iu
1009 786 1093 851 Gen.
1128 790 1209 864 23‚t
1242 791 1278 851 et
1304 790 1406 870 33,19
1434 787 1526 853 inter
1553 805 1590 851 se

262 892 475 960 coniunxisse
505 887 602 978 (aed.
621 891 734 957 Canus
757 888 853 978 apud
873 888 983 957 Salm.
1008 888 1162 978 aliique).
1188 888 1223 956 si
1257 890 1456 979 Stephanus
1484 891 1589 959 talem

262 996 436 1066 commisit
453 1016 621 1075 errorem,
641 1000 762 1078 Lucas,
781 994 893 1062 tidelis
917 1016 1031 1062 rerum
1054 994 1214 1084 scriptor,
1238 994 1432 1063 orationem
1448 996 1586 1081 retulit,

261 1104 312 1170 uti
329 1100 449 1169 habita
463 1106 529 1181 est3
543 1122 656 1190 neque
673 1100 713 1168 id
725 1108 812 1169 esset
829 1107 948 1169 eontra
966 1100 1241 1192 inspirationem.
1260 1105 1419 1169 Attamen
1441 1100 1519 1168 aliia
1536 1105 1589 1168 vi-

175 1290 181 1301 ·
263 1206 824 1298 deturduriusStephanumouius
837 1207 957 1276 laudes
967 1207 1282 1276 adeoeelebrantur
1294 1209 1378 1297 (aa.
1388 1213 1423 1277 8.
1439 1213 1493 1287 153
1505 1213 1587 1291 7‚55

261 1313 384 1405 plenus
398 1313 526 1404 Spiritu
539 1314 671 1403 saneto)
686 1335 834 1402 arguere
849 1316 976 1383 erroris
987 1315 1044 1404 (of.
1061 1313 1171 1383 Salm.
1188 1315 1300 1406 lap).
1319 1314 1415 1382 Unde
1429 1336 1530 1382 error
1542 1312 1587 1380 ad

261 1418 424 1488 librarios
436 1421 584 1488 refertur
595 1421 792 1511 quinomen
801 1421 974 1489 Abraham
985 1443 1049 1511 pro
1056 1422 1158 1490 laeob
1168 1419 1352 1489 intulerint
1367 1422 1425 1511 tos.
1441 1419 1585 1509 Galm.);

144 1526 149 1533 ’
262 1548 383 1595 verum
408 1548 527 1593 omnes
545 1531 647 1594 testea
673 1526 760 1594 miro
775 1548 939 1594 consensu
956 1527 995 1594 in
1008 1526 1185 1595 Abraham
1204 1527 1421 1617 conspirant,
1443 1532 1586 1616 excepto

260 1654 332 1701 uno
345 1634 424 1720 gig,
441 1631 547 1701 ubiv.
567 1638 607 1698 16
620 1633 748 1719 legitur
768 1652 777 1702 ε
798 1637 833 1700 et
845 1631 1004 1700 translati
1026 1632 1160 1700 suntin
1179 1632 1334 1711 Siehem3
1352 1654 1467 1722 neque
1489 1632 1585 1699 aliud

260 1737 412 1805 additur.
428 1736 482 1805 Uti
496 1742 606 1805 textus
621 1737 779 1821 traditur,
802 1737 846 1806 de
864 1738 974 1831 altera
992 1739 1168 1829 emptione
1188 1737 1364 1805 Abraham
1380 1736 1511 1804 mentio
1530 1738 1582 1821 fit,
1645 1819 1659 1838 ο
1689 1786 1694 1793 .
1724 1721 1732 1731 ’

259 1866 350 1934 quae
363 1842 638 1936 probabilissime
652 1845 800 1913 refertur
812 1844 857 1913 ad
871 1849 953 1914 Gan.
971 1851 1061 1927 1a,o.
1081 1852 1119 1924 '13
1133 1866 1216 1912 nam
1228 1845 1265 1933 in
1278 1844 1357 1912 loco
1374 1844 1511 1913 Siohem
1524 1866 1585 1911 ae-

258 1949 412 2019 difieavit
424 1951 552 2019 Abram
577 1950 703 2034 altare,
720 1973 798 2019 oum
816 1952 849 2019 ei
874 1950 925 2019 ibi
947 1952 1111 2020 Dominus
1131 1973 1302 2042 apparens
1319 1950 1584 2041 promissionem

257 2056 404 2126 dedisset
416 2057 460 2126 de
472 2063 564 2126 terra
582 2057 703 2125 semini
719 2058 792 2125 eius
806 2057 935 2126 dandass
957 2062 1030 2125 lam
1046 2058 1085 2125 in
1110 2058 1222 2125 aliena
1242 2057 1454 2148 possessione
1473 2057 1583 2125 altare

256 2162 440 2232 aedificare
453 2186 526 2232 non
537 2165 666 2256 potuit;
685 2169 723 2231 ut
733 2165 841 2232 altare
854 2185 876 2230 a
886 2163 1127 2253 profanatione
1137 2169 1253 2232 tutum
1264 2163 1443 2246 redderet,
1460 2162 1584 2232 debuit
1644 2180 1649 2188 ·

43 2360 49 2379 Ι
135 2284 139 2290 ’
256 2289 381 2357 agrum
413 2260 540 2338 emere.
566 2269 772 2338 Siohemitae
798 2267 1065 2359 appellabantur
1092 2270 1156 2336 lilii
1186 2275 1289 2338 Emor
1309 2269 1496 2372 principis,
1520 2268 1582 2360 qui

257 2374 343 2443 adeo
356 2374 494 2443 celeber
509 2382 598 2460 erat,
615 2383 653 2443 ut
675 2375 809 2443 nobiles
833 2374 969 2443 Siehem
982 2381 1137 2467 tempme
1151 2374 1309 2443 ludioum
1327 2380 1496 2443 vocentur
1515 2375 1581 2441 viri

255 2486 357 2549 Emer
369 2484 478 2573 patris
489 2482 623 2549 Siehem
638 2480 757 2570 (ludio.
770 2482 877 2571 938).
888 2485 954 2548 Pro
968 2480 1116 2549 lectione
1130 2481 1226 2571 vulp.
1244 2485 1347 2548 Emer
1359 2480 1432 2570 filii
1444 2481 1581 2548 Siehem

255 2587 332 2682 lege
347 2609 425 2655 eum
444 2609 568 2675 graeco
582 2587 618 2654 in
632 2578 778 2656 Siehem.
800 2588 952 2655 Alteram
972 2586 1184 2679 emptionem
1212 2587 1305 2655 hanc
1320 2587 1518 2678 Stephanus
1539 2609 1581 2654 ex

253 2693 439 2762 traditione
462 2695 609 2784 accepit,
627 2696 675 2761 uti
697 2694 830 2784 pariter
854 2717 895 2762 ex
909 2693 1095 2762 traditione
1123 2716 1274 2784 corpora
1297 2694 1579 2785 patriarcharum

252 2821 323 2868 esse
338 2798 506 2868 translata
524 2801 560 2872 in
575 2800 800 2868 Palaestinam
816 2799 873 2890 (ol.
890 2799 982 2868 Beel.
995 2803 1091 2868 Patr.
1101 2799 1219 2890 Feta),
1235 2800 1323 2869 deut
1337 2822 1378 2867 ex
1389 2799 1578 2868 traditione

250 2906 372 2975 hausta
391 2913 470 2974 sunt
489 2906 629 2974 nomina
652 2906 1125 2991 illuminatissimum
1151 2908 1268 2975 Euooh
1290 2906 1382 2996 (lud.
1411 2909 1528 2997 1t,15)
1543 2911 1577 2973 et

254 3012 334 3082 alia.

690 3163 718 3227 β)
733 3163 770 3212 De
782 3167 893 3225 tempore
908 3164 1017 3211 moestae
1030 3163 1134 3223 7,]7-43.

287 3309 360 3371 7,17.
391 3310 483 3370 Quum
524 3314 619 3360 autem
649 3309 886 3374 approptnquaret
967 3307 1041 3372 ata.
1066 3302 1153 3365 Καθὼς
1184 3302 1211 3356 at
1237 3302 1344 3375 ἤγγιζεν
1375 3303 1391 3356 ὁ
1421 3305 1509 3377 γρόνσς
1534 3309 1578 3371 τῆς

249 3399 362 3463 tempus
375 3398 661 3463 promisstontsquam
673 3396 886 3449 eontesauserat
931 3390 1081 3465 ἰταγγιλίσς
1115 3385 1144 3458 ἧς
1183 3390 1350 3464 ὼρολόρησεν
1389 3392 1404 3444 t
1445 3390 1507 3453 θεὸς
1541 3397 1577 3463 τῷ

251 3487 328 3538 Deus
352 3487 495 3548 Abrahae,
509 3485 596 3537 erevit
617 3485 751 3549 populus,
770 3490 798 3536 et
812 3485 884 3535 mul·
933 3478 1061 3552 ’tapeta
1086 3479 1190 3549 ηὔξησεν
1212 3479 1227 3533 ὁ
1249 3479 1311 3542 λαὸς
1328 3479 1371 3533 ael
1389 3478 1529 3547 ἐαλτθῦνθη
1550 3479 1576 3534 εν

250 3576 394 3640 ttplicatus
413 3581 456 3625 est
474 3577 503 3624 tn
523 3577 659 3639 aegipto,
683 3572 725 3625 ts.
741 3572 885 3632 Quoadus·
929 3568 1063 3643 Αἰγύπτῳ,
1100 3573 1143 3625 te.
1176 3569 1248 3642 ἅγρις
1279 3562 1311 3621 οὗ
1343 3566 1433 3636 ἀνίστη
1463 3568 1577 3638 βασιὶεῑνς

250 3677 306 3729 quo
329 3666 451 3714 sttrrextt
468 3663 540 3713 atius
558 3675 607 3713 rex
627 3664 657 3712 tn
680 3665 821 3727 Aegypto,
836 3665 885 3728 qut
930 3659 1014 3731 [τερος
1031 3655 1075 3711 ἐτ’
1088 3656 1215 3730 Αἴγυπτον
1232 3659 1260 3720 ὃς
1277 3656 1324 3711 οὖα
1341 3658 1396 3730 ,ἤδει
1409 3658 1454 3712 τὀν
1472 3656 1574 3728 ’leata-

250 3766 307 3804 non
330 3752 437 3804 sciebat
465 3751 576 3816 loseph.
598 3751 639 3803 19.
661 3751 713 3803 llic
730 3752 885 3804 marae·
932 3752 978 3807 19.
1000 3742 1074 3810 οὗτος
1096 3747 1327 3818 κατασοφισάμενος
1351 3746 1382 3801 το
1404 3748 1477 3818 γένος
1493 3748 1574 3817 ἡμῶν,

250 3843 332 3893 utens
349 3853 441 3905 genus
461 3844 595 3902 nostrum,
611 3838 710 3890 emim
724 3845 818 3906 patres
831 3854 883 3892 no·
929 3836 1053 3892 ἐκάκωσεν
1072 3836 1130 3899 τοὺς
1147 3839 1264 3907 mapsa,
1283 3840 1329 3889 τοῦ
1347 3839 1429 3891 ποιεῖν
1448 3834 1479 3890 τὰ
1499 3835 1574 3908 (apter,

249 3932 323 3981 atros
346 3936 376 3980 ut
400 3936 574 3995 exponerent
597 3928 719 3981 latentes
742 3942 823 3993 auos,
847 3942 884 3981 ne
928 3924 1015 3980 ἔκθετα
1032 3923 1129 3990 αἰετῶν,
1149 3923 1182 3987 εἰς
1203 3924 1233 3979 rt
1257 3921 1291 3996 μὴ
1311 3924 1505 3997 ζωογονεῖσθαι.
1528 3929 1572 3980 20.

247 4017 465 4069 revincerentur.
482 4017 525 4069 20.
542 4017 647 4069 Eodem
662 4023 786 4083 tempore
800 4023 884 4070 natus
927 4012 972 4066 Ἐν
1003 4008 1026 4085 ᾧ
1058 4019 1136 4086 καιρῷ
1164 4013 1285 4085 travalda
1316 4014 1436 4084 Μωυσῆς,
1468 4013 1511 4066 καὶ
1542 4009 1574 4079 ἦν

247 4113 289 4159 eat
308 4106 433 4170 Moyses,
449 4113 477 4157 et
495 4106 547 4158 tutt
566 4112 659 4172 gratus
673 4108 746 4170 Deo;
767 4108 815 4172 qut
829 4121 884 4159 nu·
928 4101 1026 4166 ᾶστεῖος
1048 4107 1086 4174 τῷ
1113 4105 1179 4175 θεῷ
1203 4104 1231 4166 ὀς
1254 4101 1375 4175 ἀνιτράρε
1403 4105 1482 4173 μῆνας
1507 4104 1575 4171 τρεῖς

246 4197 328 4246 tritus
340 4204 384 4247 est
398 4198 486 4247 tribus
500 4196 643 4248 menatbus
656 4197 685 4247 tu
699 4197 782 4249 domo
795 4199 883 4261 patris
927 4190 954 4245 ἐν
981 4196 1019 4264 τῷ
1041 4191 1106 4266 alae»
1127 4196 1172 4246 τοῦ
1194 4192 1296 4265 πατρὸς.
1319 4195 1363 4246 at.
1384 4190 1524 4252 ἐετεθενσσς
1546 4188 1574 4244 et

245 4285 299 4336 aul.
326 4284 372 4335 at.
399 4284 534 4348 Exposita
559 4293 652 4337 autem
681 4286 745 4347 illo,
769 4286 882 4338 sustulit
927 4280 1017 4350 atreb,
1037 4279 1157 4336 ἀνείλατο
1181 4280 1258 4336 atzar
1282 4279 1437 4355 ἠιθνγάτηρ
1457 4279 1571 4350 Φαραὼ,

246 4386 311 4425 eum
325 4373 383 4425 lilla
396 4374 561 4437 Pharaonis,
579 4380 607 4425 et
621 4375 736 4426 nutrtvlt
749 4387 813 4426 oum
827 4374 882 4426 albi
926 4370 969 4425 καὶ
992 4369 1145 4442 ἀνεθρέψατο
1170 4368 1245 4423 αὑτὸν
1271 4366 1347 4441 tanati
1368 4366 1420 4439 (εἰς)
1440 4367 1503 4421 olda.
1526 4370 1570 4422 il.

246 4464 275 4512 in
303 4460 401 4514 illlum.
427 4462 471 4513 Ὦ.
497 4463 531 4514 Et
555 4461 681 4514 eruditus
704 4468 747 4515 eat
772 4462 881 4528 Moyses
926 4459 970 4512 ael
994 4458 1125 4526 δεταιδεύθη
1153 4456 1262 4526 Μωυσῆς
1285 4458 1353 4531 πάσῃ
1378 4455 1453 4528 σοφία
1476 4454 1573 4527 Αἰγυτ-

246 4552 323 4602 0mnt
338 4552 477 4616 sapientia
491 4552 700 4615 aegyptorum,
715 4557 743 4603 et
757 4554 816 4603 erat
830 4563 882 4617 po-
926 4548 998 4602 τίων·
1018 4544 1049 4617 ἧν
1074 4546 1102 4601 tt
1129 4545 1233 4609 δυνατὸς
1261 4545 1286 4599 lv
1314 4544 1402 4618 λόγοις
1423 4544 1468 4599 καὶ
1490 4544 1572 4616 ἷργοις

248 4643 313 4691 tens
326 4642 356 4690 tn
370 4641 464 4692 verbis
477 4645 506 4691 et
520 4642 548 4690 tn
563 4639 694 4704 opertbus
707 4640 774 4691 suls.
927 4636 1014 4693 attat.

286 4728 330 4780 23.
354 4729 446 4790 Quum
466 4734 560 4781 autem
582 4727 744 4793 impleretur
763 4730 883 4796 atqua·
964 4730 1008 4783 23.
1046 4723 1090 4788 Ὧς
1120 4723 1148 4779 tt
1179 4723 1319 4796 εαληροῦτο
1350 4721 1420 4796 αὐτῷ
1451 4740 1568 4793 τεσσερα·
