4010 5474
1020 419 1089 465 scr.
1114 400 1268 475 16,3d38.
1749 405 1805 467 291

525 556 577 624 Uti
598 579 638 625 ex
658 580 691 626 v.
715 563 756 625 to
779 559 888 644 patet,
906 551 985 619 vide
1006 572 1146 641 quoque
1166 573 1198 618 v.
1218 556 1272 617 36.
1296 553 1351 617 38.
1369 554 1423 631 39,
1446 551 1594 639 apostoli
1613 552 1742 623 iterum
1766 557 1805 624 in

479 685 651 733 carcerem
670 660 865 741 redierunt,
882 656 918 723 id
940 655 1157 747 quodetiam
1181 655 1377 744 consultum
1398 661 1489 737 eret,
1509 677 1554 722 ne
1570 657 1753 744 negotium
1772 668 1807 730 et
1933 734 1939 743 ³

480 770 635 838 molestia
660 771 835 834 crearetur
856 762 990 832 custodi
1015 763 1109 855 apud
1138 767 1330 856 praetores;
1354 784 1387 830 v.
1414 767 1456 829 36
1483 762 1662 829 enuntiavit
1688 778 1806 832 autem

480 889 590 945 custos
611 870 774 952 carceris,
804 870 895 938 illud
918 877 967 940 aet
987 870 1128 940 εἰσελθὼν
1156 869 1260 937 etiam
1281 868 1412 937 indicat
1430 868 1507 935 illos
1526 868 1668 937 rediisse
1686 869 1725 938 in
1743 892 1805 937 cu·

478 979 624 1048 stodiam
647 979 747 1045 verba
772 976 855 1045 lace
876 975 1006 1058 Paulo,
1028 975 1113 1065 quia
1132 975 1302 1041 miserunt
1322 973 1567 1064 maqistrotus,
1588 988 1627 1042 ut
1646 975 1806 1044 diretitta-

478 1084 587 1169 ocirai;
600 1106 693 1152 nunc
709 1084 820 1174 iqitur
838 1092 1001 1149 exerentes
1018 1082 1063 1150 ite
1076 1079 1115 1147 in
1127 1100 1224 1170 poce.
1241 1083 1367 1147 Verum
1380 1079 1461 1146 huic
1475 1078 1578 1146 modo
1595 1080 1718 1148 Paulus
1732 1105 1805 1149 non

478 1196 611 1282 poterat
629 1192 862 1279 acquiescere3
878 1186 937 1254 Dei
952 1187 1064 1254 honor
1083 1192 1118 1254 et
1131 1183 1305 1274 evangelii
1323 1184 1436 1273 gloria
1447 1186 1627 1275 poscebat,
1646 1193 1685 1255 ut
1702 1210 1805 1278 prae·

478 1320 580 1365 cones
597 1295 678 1363 iusti
696 1299 729 1362 et
748 1293 892 1361 crimine
912 1292 1013 1361 vacui
1030 1297 1316 1381 agnoscerentur3
1337 1291 1375 1359 id
1389 1312 1454 1381 pro
1477 1292 1663 1383 neophytis
1686 1300 1721 1362 et
1743 1316 1805 1382 gc-

477 1407 623 1471 neratim
640 1423 704 1491 pro
723 1400 817 1468 fama
831 1399 982 1466 nominis
996 1398 1176 1487 christiani
1192 1402 1267 1466 erat
1285 1398 1579 1489 pernecessarium
1598 1397 1752 1489 (datm),
1769 1401 1805 1469 si

477 1507 678 1598 simpliciter
700 1506 821 1574 urbem
842 1504 1080 1595 reliquissent,
1102 1503 1238 1572 macula
1259 1503 1431 1594 quaedam
1450 1503 1649 1572 indelebilis
1668 1511 1702 1572 et
1721 1506 1804 1595 ipsis

477 1621 511 1681 et
527 1615 577 1682 rei
592 1599 799 1681 christiferae
814 1611 906 1702 apud
925 1611 1052 1678 multos
1069 1611 1185 1678 inusta
1204 1609 1399 1693 mansissat;
1423 1633 1456 1679 v.
1474 1615 1516 1677 37
1541 1610 1671 1678 Paulus
1688 1624 1804 1680 autem

477 1719 567 1788 (fixit
587 1720 636 1788 eis
657 1742 720 1811 per
738 1717 916 1786 custodem
937 1716 1115 1784 lictoribus
1135 1716 1337 1808 responderi
1356 1715 1455 1785 iussit
1472 1722 1506 1783 et
1524 1718 1678 1787 nuntiari
1702 1742 1802 1810 prae·

477 1825 609 1893 toribus
629 1846 637 1893 :
660 1846 773 1893 caesos
794 1845 855 1892 nos
871 1822 1026 1914 publice,
1045 1820 1263 1890 indemnatos
1281 1825 1497 1911 ἀκατακρίτους
1511 1822 1562 1890 ita
1575 1830 1614 1891 ut
1627 1825 1726 1893 nulla
1746 1828 1801 1893 in·

476 1932 612 2023 quisitio
641 1930 780 2021 culpae,
804 1928 972 1998 iudicium
999 1928 1152 2013 nullum,
1174 1927 1270 1996 nulla
1290 1928 1531 1997 condemnatio
1555 1930 1727 2000 sententia
1746 1932 1800 1999 iu·

475 2037 589 2105 diciali
617 2038 708 2105 facta
732 2034 972 2127 praecesserit,
992 2033 1149 2102 domines
1176 2037 1347 2102 Romanos
1371 2040 1560 2125 ὑπάρχοντας
1582 2037 1714 2127 quippe
1739 2039 1801 2128 qui

475 2145 613 2233 insuper
636 2142 727 2210 cives
749 2142 855 2209 simus
876 2140 1029 2221 romani,
1050 2162 1119 2230 quo
1143 2140 1311 2230 loquendi
1333 2139 1437 2208 modo
1459 2140 1545 2208 Silas
1564 2164 1703 2231 quoque
1724 2164 1801 2210 eam

474 2249 645 2317 civitatem
660 2246 822 2316 habuisse
836 2246 1003 2314 dicendus
1019 2245 1102 2327 erit3
1119 2247 1235 2314 nescio
1254 2267 1316 2313 cur
1330 2244 1441 2335 aliqui
1458 2244 1496 2313 id
1510 2252 1639 2333 negent
1657 2246 1798 2337 (Calos.)

473 2362 532 2423 aut
548 2353 724 2437 dubitent3
743 2374 826 2422 nam
847 2353 935 2421 ratio
952 2352 1056 2438 haec,
1070 2350 1255 2441 quisalius
1275 2350 1312 2419 id
1330 2350 1374 2419 de
1387 2349 1459 2419 Sila
1477 2374 1549 2419 non
1570 2354 1731 2438 refertur,
1750 2362 1801 2423 est

473 2468 588 2529 tamen
611 2463 648 2528 in
665 2466 763 2529 tauta
785 2459 828 2526 de
852 2458 924 2528 Sila
947 2480 1063 2526 rerum
1084 2457 1258 2549 paucitate
1278 2457 1382 2549 plane
1399 2457 1557 2544 infirma,
1574 2459 1743 2529 miserunt
1762 2461 1801 2528 in

473 2590 656 2650 carcerem,
679 2579 712 2633 et
729 2587 822 2633 ιιιιιιι
842 2563 973 2633 oeertlte
993 2586 1054 2633 nos
1073 2563 1241 2633 eliciunt?
1258 2584 1328 2631 noo
1349 2563 1416 2642 ita,
1437 2562 1500 2631 sed
1521 2564 1679 2653 veniant,
1698 2589 1730 2632 v.
1756 2573 1799 2634 38

471 2686 503 2739 rt
529 2673 596 2762 ipsi
619 2694 680 2739 nos
699 2671 843 2739 eliciant
866 2676 1095 2760 ἐξαγαγέτωσαν
1118 2669 1310 2751 educuat03
1337 2674 1370 2739 οὓ
1395 2672 1453 2759 γὰρ
1475 2669 1549 2738 te.
1569 2671 1796 2761 nequeenim

472 2779 619 2859 occulte,
635 2781 715 2847 ἀλλὰ
729 2778 789 2846 sed
802 2799 821 2846 e
834 2781 973 2859 contra;
988 2775 1048 2844 alii
1063 2775 1264 2868 concipiunt
1277 2781 1310 2844 οὐ
1325 2778 1402 2865 γὰρ,
1418 2775 1471 2845 uti
1484 2797 1587 2868 saepe
1600 2776 1637 2845 in
1654 2800 1797 2869 respou-

470 2886 526 2968 εἰς,
545 2907 612 2954 non
627 2885 783 2976 profecto
802 2882 900 2974 (BL).
919 2882 1055 2973 Triplex
1069 2883 1201 2951 crimen
1213 2887 1304 2965 erat,
1319 2880 1368 2950 ait
1384 2880 1477 2970 etr„
1493 2882 1586 2973 quod
1604 2888 1793 2967 Romanos,

470 2992 561 3082 quod
580 3014 648 3059 non
668 2990 865 3073 damnatos,
883 2989 978 3080 quod
994 2987 1134 3079 publice
1151 2988 1190 3056 in
1208 3009 1382 3057 carcerem
1404 2988 1640 3058 coniecissent.
1661 2990 1714 3058 Ad
1735 3014 1793 3061 cu·

471 3100 600 3165 mulum
622 3096 769 3164 iniuriae
790 3095 932 3163 accemit
953 3094 1048 3185 quod
1068 3093 1201 3162 occulte
1221 3094 1294 3162 siue
1316 3093 1389 3163 ulla
1406 3095 1624 3164 excusatione
1642 3104 1678 3165 et
1696 3098 1795 3167 satis-

469 3204 616 3272 factione
630 3226 687 3271 cos
701 3201 863 3270 volebant
874 3200 1059 3270 dimittere.

514 3310 550 3377 ld
567 3309 685 3400 utique
704 3310 771 3376 iarn
791 3329 854 3400 pro
875 3306 1007 3376 ratione
1027 3307 1182 3375 muneris
1194 3305 1319 3375 Paulus
1339 3328 1410 3376 non
1428 3311 1563 3397 poterat
1578 3310 1790 3399 permittere.

469 3416 506 3483 ld
529 3415 638 3483 solum
659 3414 809 3506 postulat
828 3412 923 3503 quod
944 3412 1046 3504 plane
1065 3413 1297 3481 necessarium
1318 3417 1404 3483 erat.
1422 3412 1518 3481 Falso
1537 3435 1610 3482 rem
1629 3415 1794 3485 describit

475 3524 595 3589 Weiss.
612 3542 682 3589 non
704 3520 853 3610 potuisse
870 3517 1015 3588 Paulum
1033 3519 1081 3587 ita
1102 3539 1206 3606 agere
1224 3517 1249 3586 i.
1273 3541 1305 3590 e.
1329 3519 1425 3610 prius
1445 3520 1646 3610 permittere
1671 3529 1793 3593 contra

468 3630 520 3695 ius
531 3626 815 3715 flagellationem,
828 3646 898 3714 quo
913 3624 996 3694 dein
1009 3652 1026 3687 ιι
1038 3629 1136 3693 tanto
1148 3624 1314 3694 maiorem
1326 3624 1593 3695 satisfactionem
1609 3655 1624 3687 r
1640 3630 1792 3719 postulu-

468 3740 529 3803 rot.
549 3733 692 3801 Ubinam
714 3739 765 3801 est
784 3732 846 3799 ilfa
871 3761 887 3792 κ
914 3736 1011 3799 tanto
1031 3730 1144 3799 maior
1161 3730 1348 3799 satisfactio
1372 3733 1412 3798 »t
1434 3754 1517 3800 num
1538 3732 1704 3818 honores,
1725 3759 1790 3827 pu-

467 3840 591 3907 blicam
620 3838 897 3931 deprecationem
928 3837 1026 3920 facti,
1050 3835 1227 3905 decretum
1255 3837 1294 3904 in
1321 3859 1400 3907 ecre
1429 3838 1577 3906 incisum
1608 3846 1644 3908 et
1674 3841 1791 3932 palam

466 3945 874 4064 expositumfingentem
899 3942 1067 4035 pecuniae
1104 3942 1173 4010 vim
1197 3945 1375 4035 poposcit?
1398 3944 1649 4014 neentiaveremt
1673 3961 1790 4016 aretem

465 4051 724 4142 alapiae-autur
738 4049 875 4117 lictores
888 4052 991 4117 verba
1009 4050 1114 4134 lacem·
1128 4048 1385 4142 timueruntque
1398 4049 1520 4119 credito
1535 4052 1631 4143 quod
1642 4055 1792 4123 ftooeani

464 4170 591 4244 esserra·
620 4177 701 4224 nam
733 4154 809 4243 lege
846 4155 964 4223 Porcia
996 4155 1141 4224 vetitum
1173 4161 1247 4225 erat
1269 4156 1444 4226 verberari
1467 4158 1579 4226 civem
1605 4182 1787 4231 romanum

465 4266 521 4355 (cf.
538 4264 606 4333 [ἰν.
624 4268 720 4345 10,9;
741 4259 853 4331 t'aler.
872 4266 955 4332 ltux.
974 4267 1081 4343 a‚1,1.
1098 4262 1235 4350 Dionys.
1252 4262 1356 4333 halic.
1371 4265 1466 4355 9,39)
1481 4263 1517 4332 id
1534 4266 1628 4356 quod
1640 4266 1788 4336 maxime

465 4372 561 4440 effert
584 4370 700 4439 Cicero
723 4367 773 4458 (in
794 4373 934 4437 Verrem
958 4368 1525 4460 lt,5,53·5'1).rtsserentiautem
1551 4371 1656 4440 Paulo
1682 4372 1787 4442 fidem

464 4477 689 4560 adhibebant,
711 4497 789 4544 cum
812 4497 892 4543 eum
917 4498 958 4543 cr
982 4474 1136 4543 numinis
1158 4474 1312 4545 vindicta
1333 4477 1403 4545 iam
1425 4477 1652 4566 cognoverint
1672 4478 1787 4549 virum

464 4583 596 4650 nunrini
613 4602 731 4650 carum
746 4604 859 4673 neque
874 4583 976 4650 facilc
990 4581 1069 4672 quis
1083 4604 1185 4651 ausus
1203 4583 1310 4652 fuerit
1329 4583 1368 4651 id
1380 4583 1466 4652 falso
1485 4583 1552 4653 sibi
1570 4585 1786 4673 adscribero;

463 4690 621 4757 Claudius
642 4688 751 4774 enim,
769 4695 806 4758 ut
826 4689 1005 4760 Suetonius
1024 4689 1131 4758 refert
1150 4689 1285 4780 (Claud.
1302 4690 1378 4780 25),
1395 4691 1506 4759 securi
1524 4693 1692 4781 percussit
1706 4695 1789 4764 ciri·

463 4804 565 4865 tatem
585 4803 800 4886 usurpantes.
815 4796 1020 4889 ceteroquin
1040 4802 1215 4888 praetores
1234 4819 1306 4866 non
1322 4796 1435 4888 potuit
1452 4798 1559 4867 latere
1579 4798 1786 4878 ludaeorum

675 5076 722 5119 w·
