4154 5452
1097 397 1165 443 ιοι.
1189 383 1273 455 o‚31.
1773 364 1850 453 'us
1905 458 1908 467 ,

519 540 777 594 lillsutintlrmata
790 540 958 588 moreretur.
970 534 1062 595 Quam
1073 547 1162 599 quum
1208 549 1286 584 ααοαν
1337 528 1413 594 αύτήν
1456 527 1601 584 θποθανεῖν·
1648 534 1782 602 λούσαντες
1826 540 1853 595 δὲ

517 631 665 693 mussant,
681 627 837 695 posuerunt
857 636 921 675 eam
943 624 974 674 in
996 623 1159 674 ooenaoulo.
1207 620 1300 686 ύθηιιαν
1333 617 1359 671 ἐν
1391 617 1504 690 ὑπερῴῳ,
1539 622 1583 673 38.
1614 619 1690 692 ἐγγύς
1721 626 1748 679 n
1779 627 1854 696 οὔσης

518 719 565 772 38.
585 720 678 779 Quum
701 718 796 766 autem
816 725 904 778 prope
923 715 1000 765 esset
1013 711 1111 777 Lydda
1125 712 1161 763 ad
1207 709 1300 771 Λύδδας
1332 712 1364 780 τῇ
1394 706 1483 780 Ἰόππη
1510 707 1535 760 oi
1568 710 1678 779 μαθηταὶ
1705 710 1854 780 ἀνώσαντες

516 807 637 872 Ioppen;
655 803 787 867 discipuli
806 802 955 855 audientes
973 805 1040 868 quin
1060 802 1161 854 Petrus
1206 799 1246 853 dtr
1274 798 1365 869 Πέτρος
1391 795 1457 851 ἐστὶν
1482 796 1507 850 ἐν
1535 795 1613 870 αὗτῇ,
1635 798 1784 854 ἀπέστειλαν
1808 804 1853 858 δύο

516 896 592 946 esset
621 893 650 943 ln
679 904 729 953 ea,
756 892 895 944 miserunt
920 891 993 944 duos
1022 892 1098 943 viros
1124 891 1160 943 ad
1205 888 1296 958 ἄνδρας
1336 887 1392 960 πρὸς
1434 885 1507 941 ordros
1550 887 1766 958 παρακαλοῦντες,
1810 891 1853 951 Μὴ

516 995 595 1043 eum,
620 987 756 1046 rogantes
780 995 787 1031 :
816 981 859 1033 Ne
887 982 1032 1047 pigriteris
1063 981 1160 1033 venire
1204 976 1313 1050 θκνηοης
1344 976 1453 1030 θιιλθιῖν
1487 978 1534 1039 θος
1560 975 1643 1049 ἡμῶν.
1674 981 1718 1034 39.
1748 977 1854 1043 θναττθις

516 1083 605 1136 usque
633 1070 669 1122 ad
696 1083 760 1123 nos.
790 1070 835 1123 39.
870 1070 1033 1135 Exsurgens
1065 1074 1160 1121 autem
1205 1063 1232 1118 u
1266 1066 1357 1137 Πέτρος
1388 1065 1510 1131 οινῆλθιν
1544 1064 1639 1130 αὐτοῖς·
1674 1068 1704 1119 θν
1738 1087 1852 1140 παραγι-

517 1159 617 1211 Petrus
638 1162 717 1211 venit
738 1172 803 1210 eum
824 1158 890 1209 illls.
907 1155 943 1209 Et
965 1171 1054 1223 quum
1076 1157 1159 1209 adve-
1205 1156 1311 1224 νόμενον
1350 1153 1480 1225 ἀνήγαγον
1515 1153 1549 1217 εἰς
1587 1155 1617 1209 τὸ
1649 1155 1776 1229 ὑπερῷον,
1809 1158 1852 1211 ael

515 1251 617 1310 nisset,
637 1248 778 1300 duxerunt
797 1247 879 1297 illum
903 1247 932 1296 in
956 1245 1156 1305 coenaculum
1203 1243 1359 1313 παρέστησαν
1385 1241 1451 1313 αύτῷ
1480 1245 1558 1296 πᾶσαι
1585 1244 1612 1297 αἱ
1637 1249 1716 1319 χῆραι
1743 1245 1849 1300 κλαίον-

515 1345 543 1390 et
563 1340 808 1389 ciroumsteterunt
830 1334 910 1384 illum
933 1345 1033 1385 ornnes
1056 1332 1159 1383 viduae
1204 1348 1245 1382 σαι
1274 1330 1316 1383 ναὶ
1343 1329 1538 1402 ἐπιδεικνύμεναι
1564 1337 1673 1402 χιτῶνας
1700 1335 1743 1388 οιαὶ
1761 1334 1849 1407 θμύεια

514 1424 615 1476 flentes
628 1429 657 1475 et
671 1422 1158 1475 oanndentesoitunieasetvostee
1204 1419 1251 1471 ὅσα
1283 1418 1360 1473 ἐποίει
1392 1419 1446 1490 μετ’
1479 1417 1561 1473 αὖτῶν
1596 1415 1660 1474 οὖσα
1691 1421 1708 1490 ἡ
1744 1423 1845 1497 Δορκάς.

514 1526 585 1578 quas
609 1511 730 1563 iaciebat
752 1511 809 1562 iliis
834 1510 952 1563 Dorcas.
983 1510 1027 1561 lo.
1053 1510 1158 1562 Eleous
1205 1510 1247 1561 iu.
1282 1506 1395 1561 latrina
1431 1506 1458 1561 δὲ
1494 1507 1541 1571 ἔξω
1577 1509 1670 1573 πάντας
1706 1510 1721 1563 d
1757 1511 1849 1584 Πίερος

512 1607 607 1653 autem
639 1599 771 1652 omnihus
797 1597 890 1663 iores,
921 1600 1025 1652 Petrus
1046 1612 1157 1664 ponens
1202 1595 1244 1648 rud
1293 1595 1342 1660 θεὶς
1383 1595 1413 1650 tl
1458 1598 1555 1668 γόνατα
1596 1598 1767 1671 προσηύξατο,
1806 1602 1848 1654 καὶ

513 1703 607 1755 genua
633 1691 725 1742 oravit
752 1691 781 1741 et
808 1702 962 1742 conversus
990 1689 1026 1741 ad
1053 1701 1156 1753 eorpus
1202 1683 1344 1756 ἐπιστρύθας
1370 1686 1430 1757 πρθς
1452 1686 1481 1741 τὸ
1511 1692 1599 1758 σῶμα,
1621 1684 1692 1760 εἶπε,
1717 1689 1845 1756 Taenia,

512 1779 582 1832 dixit
602 1792 609 1830 :
629 1778 764 1841 aarum,
788 1791 884 1844 surge.
909 1779 947 1830 At
972 1779 1023 1829 llia
1045 1779 1156 1843 aperuit
1201 1773 1339 1844 ἀνάστηθι,
1370 1774 1386 1842 ἡ
1423 1776 1449 1828 δὲ
1488 1773 1585 1841 ἤνοιξεν
1617 1777 1674 1840 τοὶις
1703 1776 1848 1852 optuma

512 1869 610 1922 oeulos
627 1881 709 1931 euos,
725 1872 754 1920 et
773 1870 836 1919 viso
858 1868 959 1931 Petro,
975 1866 1090 1920 resedit.
1109 1866 1153 1918 ii.
1201 1861 1284 1926 αὐτῆς·
1322 1864 1364 1917 καὶ
1401 1863 1486 1917 ἰδοῦσα
1522 1865 1566 1919 τὸν
1604 1866 1714 1938 Πύτρον,
1753 1868 1846 1922 νἰνιιιύ-

513 1958 590 2010 Dans
611 1963 707 2009 autem
732 1957 774 2008 llll
801 1969 933 2019 manum,
964 1957 1054 2008 erexit
1079 1967 1152 2007 eam.
1201 1953 1278 2006 θιαεν.
1324 1956 1366 2006 ii.
1406 1954 1459 2015 θοθς
1494 1952 1521 2006 ei
1557 1952 1623 2026 αθεῇ
1658 1958 1749 2027 χεῖρα,
1788 1955 1846 2011 tvl·

512 2046 548 2097 Et
560 2059 648 2111 quum
660 2045 790 2096 vocasset
805 2048 919 2096 θαηθθοσ
933 2049 962 2096 et
975 2044 1091 2107 viduas,
1107 2056 1154 2095 as·
1200 2059 1290 2107 στησεν
1327 2040 1415 2106 airis·
1452 2041 1570 2112 φωνήσας
1606 2042 1632 2095 δὲ
1668 2043 1725 2106 τούς
1761 2043 1847 2114 ἁγίους

511 2136 633 2198 signavit
656 2145 720 2185 eam
742 2134 846 2184 vivam.
864 2131 910 2184 ir.
930 2133 1036 2185 Notum
1058 2137 1154 2185 autem
1199 2128 1243 2181 καὶ
1274 2127 1318 2190 τὰς
1348 2131 1425 2198 χήρας
1451 2132 1606 2199 παρέστησεν
1639 2128 1715 2198 aerio
1748 2134 1843 2194 ζῶσαν.

511 2221 614 2274 laetum
637 2227 681 2274 oet
704 2233 756 2288 per
778 2223 941 2274 universam
966 2222 1075 2286 ioppen
1097 2233 1104 2271 ι
1126 2229 1154 2273 et
1201 2220 1245 2273 tr.
1292 2218 1403 2289 ηνωοτθν
1451 2217 1478 2271 δὲ
1526 2217 1626 2289 trivero
1677 2219 1734 2273 καθ’
1783 2221 1844 2289 ύλης

511 2311 688 2364 crediderumt
706 2311 788 2362 multi
803 2312 831 2361 ln
846 2310 980 2362 Domino.
1203 2303 1317 2373 Ἰόππης,
1352 2306 1394 2359 καὶ
1425 2304 1569 2361 interranea
1600 2307 1695 2363 πολλοὶ
1726 2307 1768 2363 tat
1797 2310 1842 2364 tte

547 2400 591 2452 13.
612 2401 728 2452 Faotum
748 2403 792 2452 est
809 2402 905 2452 antem
925 2401 956 2451 ut
974 2398 1036 2451 dies
1049 2400 1154 2450 multos
1199 2394 1299 2466 Κύριον.

511 2496 668 2542 moraretur
700 2489 730 2540 in
765 2488 868 2554 ioppe,
900 2487 977 2553 apud
1007 2487 1153 2540 Simonem
1237 2487 1280 2539 13.
1304 2482 1421 2555 Ἐγίνετο
1439 2485 1465 2538 δί
1487 2483 1578 2558 ἡμέρας
1601 2483 1687 2550 ἱκανὸς
1705 2488 1790 2559 μεῖναι
1813 2485 1840 2542 ἰν
1873 2508 1877 2515 ’

510 2579 661 2644 quemdam
674 2578 834 2630 coriarium.
1173 2628 1179 2643 ι
1202 2572 1292 2646 Ἰόππῃ
1310 2574 1375 2644 παρά
1394 2592 1441 2627 τινι
1459 2573 1555 2645 Σίμωνι
1574 2574 1669 2645 βυρσεῖ.

545 2760 564 2796 n
575 2759 603 2797 ν,
621 2745 652 2797 31
674 2760 723 2798 αι..
743 2742 876 2810 ιιοιλησιαι
893 2748 948 2797 eto.
971 2745 1074 2810 plurali
1096 2745 1178 2797 HLP
1194 2747 1221 2796 al
1241 2747 1327 2810 longe
1344 2747 1392 2809 piu
1407 2746 1445 2810 ph
1466 2746 1525 2797 chr
1547 2747 1614 2811 Aug
1634 2747 1694 2812 glg.
1712 2747 1746 2798 ln
1760 2762 1788 2800 ν.
1804 2748 1839 2800 31

508 2833 612 2888 laetum
627 2840 671 2887 est
683 2839 779 2886 autem
794 2835 909 2886 Petrum
922 2836 1116 2885 transeuntem
1131 2847 1182 2898 per
1198 2847 1297 2886 omnes
1311 2836 1440 2886 civitates
1460 2842 1488 2886 et
1505 2837 1637 2899 regiones
1657 2836 1791 2889 devenire
1805 2836 1842 2889 ed

509 2931 622 2975 manoe
634 2950 670 2961 -
685 2925 725 2974 lta
738 2924 855 2987 antiqua
869 2922 964 2974 versio
977 2923 1044 2983 lat.;
1062 2923 1129 2973 item
1143 2923 1171 2971 ln
1186 2936 1214 2972 ν.
1229 2923 1262 2973 39
1279 2924 1522 2974 circumsteterunt
1544 2923 1647 2976 viduae
1658 2925 1842 2977 ostendentes

509 3012 595 3076 pallia
603 3020 633 3064 et
646 3012 816 3064 resumenta
829 3016 859 3063 et
870 3010 1026 3062 narrabant
1040 3016 1146 3075 quanta
1160 3009 1290 3072 iaciebat,
1305 3025 1367 3061 eum
1382 3016 1458 3062 esset
1472 3012 1555 3063 simul
1566 3026 1631 3063 enm
1652 3015 1694 3065 ele
1708 3013 1839 3066 Damula.

509 3100 541 3151 ln
555 3115 583 3152 ν.
600 3100 633 3152 iu
648 3112 733 3166 surge
746 3100 775 3151 ln
790 3100 906 3151 nomine
918 3099 1032 3150 Domini
1046 3079 1136 3150 nosiri
1152 3098 1215 3151 Iesu
1230 3098 1333 3151 Christi
1348 3101 1386 3163 ph
1401 3099 1429 3152 α’
1441 3100 1492 3150 sah
1508 3113 1568 3150 arm
1582 3102 1633 3165 gig
1647 3099 1707 3166 cyp
1722 3102 1819 3153 umhr.

551 3273 707 3363 Caligula
725 3276 916 3363 Imperator
930 3273 1080 3341 honores
1098 3272 1234 3339 divinos
1252 3273 1317 3339 sibi
1341 3273 1414 3340 fieri
1437 3274 1562 3355 voluit,
1579 3274 1677 3342 iussit
1698 3297 1838 3366 quoque

507 3387 654 3450 statum
669 3402 768 3449 suam
782 3381 913 3470 templo
928 3378 1238 3466 hierosolymitano
1250 3379 1383 3447 inferri.
1398 3378 1492 3447 l'nde
1502 3380 1540 3446 in
1552 3381 1679 3448 iudaea
1688 3381 1840 3450 maxima

507 3488 675 3579 quaedam
691 3485 1030 3566 exstititeommoti03
1052 3485 1222 3574 plurimae
1245 3485 1427 3552 hominum
1446 3508 1487 3552 ao
1511 3487 1696 3554 mulierum
1714 3487 1837 3555 turbae

420 3590 423 3595 ’
506 3592 678 3686 supplices
705 3591 851 3660 adibant
881 3591 1078 3660 Petronium
1106 3590 1331 3681 deprecantes
1360 3591 1526 3659 eiusmodi
1559 3593 1837 3683 profanationem

506 3698 1180 3792 templi(ef.lorepltus‚rlntiq.18‚7‚i;
1203 3703 1316 3781 18‚8‚1
1337 3720 1409 3786 seq.
1428 3698 1510 3765 Bell.
1531 3697 1604 3767 iud.
1626 3706 1741 3783 u‚10,1
1762 3722 1834 3792 seq.

505 3806 625 3894 Philo,
651 3806 791 3894 legatio
819 3803 864 3873 ad
887 3803 958 3873 Cei.
982 3807 1012 3891 ᾖ.
1035 3811 1076 3872 30
1105 3805 1204 3894 seq.).
1230 3804 1343 3871 Voluit
1368 3805 1462 3872 enim
1492 3804 1653 3894 Caligula
1684 3806 1835 3875 exercitu

505 3914 606 3982 misso
620 3911 760 3982 ludaeos
774 3933 916 4000 eogere,
939 3915 977 3978 nt
1000 3910 1209 3978 exsecutioni
1229 3911 1453 3978 mandaretur
1469 3910 1565 4001 quod
1589 3911 1751 3991 iusserat3
1777 3915 1838 4004 qui

504 4020 702 4089 resisterent
724 4016 836 4086 occidi
857 4016 968 4085 iussit.
991 4016 1058 4086 Sed
1086 4016 1271 4107 prudentia
1292 4016 1439 4084 Petronii
1466 4022 1500 4084 et
1524 4021 1635 4085 morte
1659 4018 1838 4107 Caligulae

505 4129 616 4195 maior
630 4123 803 4217 quaedam
817 4122 995 4192 calamites
1006 4145 1125 4190 aversa
1140 4131 1202 4190 est.
1218 4128 1284 4191 lieo
1296 4124 1412 4213 itaque
1427 4130 1625 4214 temporum
1638 4124 1838 4195 conditione

502 4240 617 4303 censet
640 4231 729 4301 Feu.
748 4231 853 4300 etiam
875 4230 1035 4298 effectum
1052 4251 1145 4312 esse,
1162 4236 1200 4296 ut
1218 4230 1352 4297 ludaeis
1370 4228 1416 4297 ad
1436 4230 1520 4299 alias
1541 4251 1641 4298 ouras
1657 4236 1692 4299 et
1712 4231 1838 4302 solliei-

502 4341 641 4410 tudines
661 4360 788 4429 easque
812 4336 1069 4405 molestissimas
1090 4337 1239 4404 avocatis
1262 4337 1447 4405 Christiani
1472 4338 1670 4406 fruerentur
1692 4360 1778 4428 paee
1803 4345 1837 4407 et

501 4445 768 4538 tranquillitate3
785 4467 819 4512 v.
837 4451 877 4511 31
895 4441 1038 4512 ecelesia
1057 4441 1197 4534 quidem
1223 4454 1275 4528 μὲν
1297 4447 1345 4512 οὖν
1370 4445 1542 4533 particula
1564 4432 1761 4511 tranntioni
1779 4446 1832 4513 in·

502 4552 607 4622 servit
621 4558 656 4621 et
673 4574 753 4622 eum
772 4549 815 4619 de
837 4550 908 4619 alio
923 4549 1079 4619 subiecto
1098 4548 1136 4616 fit
1151 4549 1321 4617 sermonis
1335 4549 1507 4631 transitio,
1524 4550 1616 4617 hano
1629 4549 1833 4619 inchoatam

503 4657 572 4730 κατ’
595 4661 753 4729 ἁπύοτατιν
778 4656 900 4726 dieunt
919 4657 976 4747 (oi.
1001 4655 1120 4738 Klotz,
1142 4660 1259 4725 Devar.
1284 4661 1295 4724 l
1317 4679 1352 4746 p.
1377 4655 1737 4745 θθθς11661),1αθίιιο
1764 4676 1772 4726 :
1799 4662 1833 4725 et

503 4766 660 4858 quidem,
678 4764 733 4834 vel
750 4765 884 4854 itaque,
903 4762 1022 4852 igitur,
1041 4784 1105 4854 per
1129 4776 1234 4831 totum
1256 4761 1422 4830 Ircdoeam
1442 4774 1473 4831 et
1494 4762 1688 4832 Galilaeam
1711 4775 1744 4832 et
1766 4765 1831 4834 Sa·
