4092 5490
34 364 41 371 -
92 320 96 327 '
145 416 149 421 Ι
247 329 337 423 260Ι
801 341 867 388 ier.
892 298 1029 397 rar-10.

247 502 279 545 v.
297 486 318 544 '1
333 499 406 568 seq.
424 481 502 544 acta
518 481 552 544 et
570 474 663 542 dicta
674 477 763 541 sunt.
780 472 925 541 Proinde
938 476 1017 562 post
1030 474 1238 540 conventum
1254 467 1400 557 apostoli
1415 468 1451 533 id
1470 470 1566 558 quod

246 589 437 653 statuerant
450 582 546 650 omni
568 578 783 648 multitudini
796 578 1019 659 annuntiant,
1036 578 1110 652 scil.
1131 581 1252 665 gentes
1271 596 1342 642 non
1356 593 1428 641 esse
1442 595 1567 660 cogen-

246 690 309 760 das
328 713 440 781 nequa
459 688 506 756 ad
525 684 820 755 circumcisionem
839 704 949 772 neque
969 684 1015 751 ad
1036 682 1310 751 observationem
1325 681 1425 768 legis.
1444 683 1570 747 Contra

247 799 337 867 hanc
351 794 557 866 sententiam
576 786 854 874 subintroductos
873 788 976 854 salsos
996 789 1119 853 iratres
1141 808 1214 854 sese
1232 788 1447 877 opposuisse,
1465 808 1505 854 ex
1525 783 1569 851 iis

246 926 336 996 quae
357 903 429 970 Gal.
452 902 550 981 2,3-5
580 897 777 973 narrentur,
802 890 902 959 facile
929 889 1035 981 patet.
1056 894 1163 968 Quam
1187 892 1436 981 oppositionem
1461 895 1568 960 Lucas

245 1011 351 1077 refert
373 1029 406 1072 v.
424 1013 444 1070 7
468 1022 547 1069 cum
567 1011 683 1067 autem
703 1018 830 1087 mopoo
850 996 1056 1088 conquisitio
1075 995 1189 1086 fieret,
1213 997 1338 1063 iterum
1361 1008 1498 1081 ζήτησις,
1516 999 1564 1064 uti
1687 994 1690 997 ’

245 1132 278 1181 ν’.
301 1120 338 1194 2,
362 1109 432 1177 illis
451 1105 527 1176 scil.
551 1104 803 1198 postulantibus
828 1103 1139 1185 circumcisionem,
1162 1124 1306 1192 surqens
1331 1105 1454 1170 Petrus
1475 1101 1565 1169 dixit

245 1216 295 1286 ad
306 1238 363 1284 eoa
377 1213 470 1282 :oiri
482 1214 620 1303 (ratres,
640 1235 684 1281 en
697 1209 814 1279 fideles
828 1210 1026 1301 alloquitur,
1043 1233 1101 1278 vos
1114 1209 1211 1277 scitis
1226 1239 1242 1271 a
1262 1209 1403 1276 fortasse
1420 1206 1565 1275 aderant

246 1323 307 1414 qui
321 1322 404 1390 olim
418 1321 519 1389 illum
532 1322 773 1388 accusaverant
785 1317 876 1384 circa
891 1316 1084 1384 Cornelium
1096 1343 1112 1376 a
1130 1315 1255 1406 (uta),
1265 1314 1431 1405 quoniam
1446 1312 1490 1382 ab
1505 1336 1567 1382 on·

246 1427 355 1521 liquis
375 1426 494 1496 diebus
515 1428 606 1493 Deus
621 1423 658 1490 in
672 1421 768 1489 nobis
783 1421 901 1512 clepit,
918 1423 954 1487 in
976 1420 1074 1500 vobis
1098 1424 1122 1489 i.
1140 1444 1169 1489 e.
1187 1421 1278 1490 inter
1300 1444 1376 1505 vos,
1398 1421 1436 1489 in
1455 1427 1568 1489 vestra

246 1537 314 1604 hac
329 1540 424 1602 terra
436 1528 695 1622 palaestinensi,
709 1548 774 1618 per
792 1548 828 1594 os
843 1548 955 1593 meum
969 1524 1092 1594 audire
1107 1539 1226 1616 pentes
1241 1529 1379 1594 verbum
1396 1525 1569 1617 evanqelii

246 1654 280 1710 et
303 1635 457 1722 'credere,·
478 1636 522 1703 cl.
547 1638 782 1718 1o,15-11,18;
806 1633 883 1700 c'um
897 1632 1036 1699 'dicatur
1056 1631 1099 1698 ob
1124 1632 1277 1722 antiquis
1297 1631 1417 1699 diebus
1437 1632 1571 1719 colligit

253 1744 362 1816 Weiss
380 1743 512 1810 fontem
533 1740 702 1832 aliquem,
719 1740 839 1827 inquo
854 1737 994 1805 historia
1014 1737 1163 1805 Cornelii
1183 1737 1293 1806 multo
1308 1738 1469 1826 longiore
1483 1742 1571 1805 tem-

246 1848 340 1943 poris
355 1847 539 1918 intervallo
553 1852 712 1936 separata
724 1843 845 1927 fucrit,
862 1865 967 1933 quam
985 1843 1023 1911 in
1036 1849 1110 1911 Act.
1129 1866 1206 1934 cap.
1227 1852 1268 1912 10
1290 1867 1312 1912 a
1326 1865 1402 1934 cap.
1426 1851 1479 1912 15.
1500 1841 1571 1911 Sed

247 1955 386 2025 criticus
405 1975 478 2022 non
498 1950 646 2020 attendit
659 1950 781 2019 referri
794 1950 830 2016 in
846 1954 917 2018 Act.
933 1971 1016 2017 mox
1035 1955 1112 2040 post
1133 1950 1229 2018 Pauli
1244 1949 1520 2030 conversionem,
1536 1955 1572 2016 et

246 2086 289 2131 ex
311 2062 387 2153 ipso
406 2059 504 2128 Pauli
531 2056 727 2126 testimonio
752 2055 796 2123 ab
825 2062 1001 2138 9‚20-15,1
1029 2059 1285 2146 praeterierunt
1307 2057 1390 2124 anni
1420 2061 1571 2146 septem·

247 2168 377 2250 decim,
389 2160 429 2235 'et
441 2169 515 2235 Act.
530 2170 632 2248 21,16
646 2168 778 2230 llnason
795 2162 936 2252 Cyprius
948 2161 1075 2230 dicitur
1088 2163 1251 2253 antiquus
1264 2161 1467 2252 discipulus3
1486 2182 1571 2251 ergo

215 2354 223 2362 ‚
248 2280 383 2364 tempus
401 2271 447 2340 ab
465 2269 574 2338 initiis
592 2268 643 2337 rei
661 2267 866 2337 christianae
880 2269 1162 2359 usquead21,16
1181 2270 1253 2337 iam
1271 2268 1398 2336 sufficit
1416 2267 1459 2334 ad
1480 2295 1496 2329 κ
1514 2272 1573 2334 a'n·

251 2379 443 2469 tiquitatcm
456 2398 494 2460 »3
511 2376 544 2444 ν’.
559 2381 626 2443 8et
641 2373 811 2464 quinovit
826 2372 929 2442 corda
944 2377 1032 2443 Deus
1045 2374 1279 2442 testimonium
1287 2371 1469 2465 perhibuit
1484 2372 1569 2455 illis,

248 2508 312 2576 pro
330 2483 401 2552 illis
414 2482 490 2551 scil.
512 2478 733 2557 admittendis
753 2480 827 2549 aine
850 2479 931 2548 ullis
953 2480 1176 2567 ambagibus,
1194 2480 1268 2547 sine
1283 2479 1356 2546 ulla
1377 2477 1572 2569 perlegam

248 2588 510 2682 praeparatione
531 2587 606 2677 ipse
629 2592 730 2667 Deus,
749 2585 906 2654 cordium
928 2591 1107 2667 scrutator,
1129 2591 1270 2655 testatus
1294 2591 1345 2653 est
1366 2583 1455 2653 dans
1475 2583 1572 2674 (illis)

206 2722 210 2730 ·
247 2695 421 2787 Spiritum
440 2691 598 2762 sanctum
618 2692 707 2760 sicut
720 2703 754 2759 et
767 2690 865 2758 nobis
882 2697 999 2774 10,tt;
1024 2698 1136 2776 11,17,
1155 2715 1187 2759 v.
1208 2698 1227 2759 9
1249 2705 1282 2759 et
1301 2689 1394 2758 citit
1410 2690 1574 2758 discrevit

250 2802 422 2870 internos
445 2812 479 2868 ct
497 2797 576 2867 illos
594 2797 665 2889 fide
683 2797 876 2888 purificans
900 2796 1003 2864 corda
1024 2810 1163 2884 eorum;
1183 2807 1338 2887 διέκρινεν,
1363 2797 1441 2864 vide
1469 2802 1571 2877 11,1a

250 2926 391 2997 graece3
406 2905 493 2975 dicit
500 2904 711 2996 purificans,
725 2904 775 2973 uti
787 2902 907 2971 didicit
922 2909 1035 2987 1o,15.

293 3019 331 3082 ln
363 3011 424 3080 illo
452 3017 577 3080 eventu
610 3009 692 3078 satis
727 3007 923 3077 declaratur
964 3008 1082 3077 diviua
1122 3008 1312 3099 dispositio.
1349 3008 1488 3077 Accedit
1526 3029 1571 3075 ne

249 3120 394 3188 ludaeos
407 3116 548 3208 quidem
561 3116 658 3208 spem
672 3114 822 3204 aliquam
837 3114 956 3182 salutis
973 3116 1009 3181 iu
1027 3114 1106 3202 lege
1126 3136 1253 3204 ponere
1267 3137 1381 3205 posse,
1397 3136 1518 3182 verum
1533 3112 1572 3180 in

249 3247 291 3294 ea
303 3222 452 3316 experiri
467 3244 553 3291 onus
569 3221 662 3312 quod
681 3224 818 3312 portare
833 3242 903 3287 non
918 3221 1064 3309 possint,
1081 3229 1115 3289 et
1131 3242 1237 3288 unam
1251 3221 1368 3288 salutis
1389 3220 1480 3287 viam
1505 3220 1573 3306 col·

248 3331 357 3400 locari
379 3332 417 3397 in
438 3328 562 3399 Christi
589 3328 714 3416 gratia.
736 3323 786 3394 Ad
808 3324 894 3415 quid
913 3324 1030 3415 itaque
1053 3326 1107 3393 lex
1127 3328 1365 3418 imponeretur
1389 3326 1573 3416 gentibus?

249 3460 283 3506 v.
303 3443 344 3504 10
364 3457 458 3503 nunc
480 3456 560 3526 erqo
579 3431 669 3525 quid
685 3430 825 3500 tentatis
845 3433 955 3499 Deum
976 3434 1149 3521 imponere
1168 3436 1288 3524 ioquin
1307 3455 1409 3524 srqrer
1429 3432 1573 3501 cervices

249 3540 520 3634 discipulorum;
535 3567 551 3602 a
569 3539 630 3608 ille
643 3544 752 3606 tentat
764 3544 886 3619 Deum,
904 3537 964 3627 qui
982 3537 1083 3605 aliter
1103 3559 1208 3627 quam
1226 3541 1300 3631 ipsc
1325 3541 1503 3630 praecepit
1522 3541 1573 3606 la·

248 3648 375 3718 molari
387 3670 429 3716 ac
449 3648 585 3738 placere
600 3645 722 3712 nititur
739 3670 755 3704 a
776 3642 909 3733 (Beria).
930 3649 1016 3710 urus
1036 3645 1127 3711 enim
1148 3650 1291 3713 testatus
1310 3652 1360 3714 est
1374 3645 1479 3714 fidem
1499 3646 1571 3713 sul·

249 3754 354 3823 ficere
367 3758 408 3820 ut
425 3758 544 3839 gentas
564 3748 806 3831 admirantum
832 3771 915 3837 crgo
935 3749 1039 3817 inlert
1064 3754 1199 3832 Petrus,
1216 3753 1277 3841 qui
1297 3752 1410 3839 legem
1429 3752 1572 3842 insuper

248 3858 420 3951 postulat,
437 3862 546 3925 tentat
565 3861 670 3924 Deum
692 3853 811 3945 (Gai).
832 3859 914 3923 Eum
934 3860 1066 3923 tentare
1092 3854 1228 3937 dicitur,
1252 3857 1311 3946 qui
1336 3879 1437 3948 opem
1461 3858 1507 3924 ab
1531 3879 1571 3925 co

250 3964 372 4053 exigit,
392 3968 431 4031 ut
448 3960 581 4053 aliquid
598 3966 715 4028 contra
729 3960 782 4027 vel
795 3982 891 4028 secus
909 3959 968 4028 liat
985 3982 1024 4027 ac
1039 3967 1124 4029 Deus
1146 3962 1219 4029 vult
1235 3963 1380 4053 (Patr.);
1401 3963 1476 4031 aliis
1496 3986 1571 4031 ver·

249 4072 304 4140 bis
331 4070 392 4161 qui
421 4089 615 4136 mensuram
637 4065 711 4157 spei
734 4066 833 4135 nobis
856 4067 1047 4158 propositae
1071 4069 1120 4156 (in
1147 4069 1251 4137 rebus
1274 4070 1452 4159 sperandis
1479 4075 1512 4136 et
1533 4069 1571 4136 in

250 4177 355 4246 modo
376 4172 551 4266 sperandi)
567 4171 625 4240 vel
639 4194 709 4240 non
724 4174 864 4260 attingit
886 4172 940 4241 vel
957 4172 1107 4257 excedit;
1128 4176 1228 4265 proin
1249 4180 1336 4242 lleus
1355 4174 1483 4242 dicitur
1497 4181 1573 4242 ten-

250 4282 318 4354 tari
330 4279 524 4350 diffidentia
539 4277 847 4370 (pusillanimitate)
867 4284 902 4347 et
915 4281 1195 4371 praesumptione
1212 4280 1268 4368 (cl.
1287 4303 1375 4370 quae
1393 4280 1510 4349 notavi
1527 4280 1573 4348 ad

248 4397 290 4460 ls.
309 4395 389 4473 7,12
412 4394 447 4456 et
471 4386 515 4456 ad
538 4384 651 4454 llatth.
677 4385 766 4476 t,7);
788 4385 832 4454 ci.
853 4392 927 4469 5,9;
954 4392 988 4453 et
1010 4386 1113 4476 quale
1132 4388 1175 4453 sit
1193 4386 1316 4474 iugum
1341 4388 1434 4478 quod
1454 4395 1573 4456 cont-ra

248 4496 307 4566 Dei
319 4494 532 4563 voluntatem
545 4514 566 4560 a
578 4491 739 4576 gentibus
749 4491 876 4582 suscipi
889 4515 929 4560 ac
941 4493 1073 4583 portari
1088 4492 1224 4575 volunt,
1241 4492 1339 4560 addit
1352 4492 1448 4585 quod
1460 4517 1570 4584 neque

241 4615 363 4695 patres
377 4600 487 4670 nostri
498 4601 610 4689 aeque
623 4620 683 4666 noc
688 4608 832 4689 portare
841 4599 1028 4687 potuimus,
1050 4600 1200 4690 perlecta
1217 4598 1363 4691 implere
1376 4601 1568 4691 potuimus,

249 4708 346 4777 nulla
363 4707 458 4791 enim
471 4710 582 4776 aetate
603 4705 750 4796 populus
765 4704 866 4772 lsrael
890 4705 1003 4793 legem
1024 4711 1061 4774 ut
1084 4704 1232 4774 debebat
1251 4707 1473 4790 observabat;
1491 4707 1569 4774 vide
1658 4753 1662 4761 -
