4054 5442
254 273 319 334 882
810 291 878 338 scr.
899 274 1019 347 23,3·5.

253 421 341 509 legis
358 419 484 489 vindex
502 427 538 491 et
551 420 630 511 legs
651 423 822 507 iudicans,
836 424 898 492 sed
916 445 1011 491 mens
1036 422 1110 489 eius
1130 420 1314 511 iniquitate
1335 428 1421 488 esset
1444 425 1577 513 repleta

255 525 455 618 (receptu
482 556 499 591 a
517 529 666 620 pulchra
685 536 736 597 est
755 529 901 619 species,
919 529 1014 597 intus
1028 526 1190 614 vulgares
1206 526 1333 595 luteres
1347 556 1364 588 u
1379 527 1484 616 (Bt.);
1500 530 1578 597 aliis

253 632 368 726 placet
386 634 496 704 alludi
507 636 619 703 adllz.
641 641 758 716 sapt,
772 635 940 702 eiusmodi
958 634 1127 725 parietem
1142 633 1218 701 scil.
1234 656 1307 701 esse
1325 656 1499 702 casurum.
1518 635 1578 703 Rei

252 739 498 829 indignitatem
525 740 624 807 effert
644 738 850 806 confirmans
868 761 955 829 quae
973 739 1060 808 dixit
1082 759 1091 806 ε
1117 749 1151 805 ct
1171 750 1208 804 tu
1225 738 1347 807 sederas
1365 739 1502 808 iudicas
1522 762 1576 807 mc

251 845 438 917 ucuudum
453 843 561 934 lspem
585 855 619 910 ct
642 855 761 910 contra
780 842 890 934 tepem
915 844 1009 913 iubes
1033 866 1088 912 mc
1108 845 1381 934 permutasset
1409 847 1516 915 etium
1539 860 1577 915 tu

255 954 360 1043 (inter
370 950 532 1037 ceteros);
549 953 644 1016 errat
656 948 779 1017 Paulus
792 949 840 1039 (v.
858 949 892 1037 5)
908 956 1033 1040 putans
1045 950 1199 1041 aliquem
1215 972 1256 1017 ex
1271 953 1498 1021 assessoribus
1514 953 1577 1021 illa

255 1060 407 1127 locutum
426 1075 498 1122 esse
517 1052 616 1145 (BL).

298 1161 351 1231 Ab
374 1158 450 1229 aliis
471 1159 568 1228 audit
587 1160 710 1229 Paulus
740 1160 937 1252 pontificem
960 1161 1093 1231 dedisse
1118 1162 1339 1246 mandatum3
1357 1185 1391 1229 v.
1419 1167 1492 1229 tet
1515 1163 1577 1253 qui

253 1269 414 1338 astabant
427 1264 593 1335 dicerunt
612 1288 624 1335 .·
643 1260 813 1335 summum
836 1266 1046 1335 sacerdotem
1066 1270 1134 1336 Dei
1148 1269 1351 1337 maledicis?
1370 1268 1409 1336 id
1429 1273 1481 1336 est
1501 1271 1577 1339 :sie

258 1373 352 1463 (talio
369 1372 556 1465 loquendo)
568 1370 763 1453 maledicis3
783 1394 816 1442 v,
827 1380 854 1441 ‘5
869 1371 962 1440 dicit
979 1383 1094 1441 autem
1108 1372 1242 1441 Paulus
1260 1395 1274 1443 .·
1292 1376 1485 1443 nesciebam
1501 1376 1576 1466 sru-

254 1493 322 1549 tres
344 1479 429 1571 quic
448 1478 613 1569 princeps
637 1490 687 1546 cst
710 1476 922 1547 sacerdotum
944 1485 990 1550 tu
1014 1486 1090 1548 testu
1112 1482 1272 1568 ἀρχιερεύς
1297 1480 1372 1547 scil.
1392 1483 1421 1548 is
1441 1483 1502 1570 qni
1527 1482 1576 1549 ita

253 1587 390 1656 locutus
402 1591 470 1666 est3
485 1590 596 1675 potest
615 1586 773 1674 ἀρχιερεύς
798 1606 915 1652 carcre
939 1584 1085 1653 articulo
1098 1585 1183 1677 quia
1203 1607 1245 1652 ex
1266 1592 1381 1653 mente
1403 1584 1577 1676 loquentis

254 1690 472 1785 suppletione
486 1688 552 1759 hac
566 1691 668 1758 tacite
682 1691 772 1758 lacta
785 1690 1021 1780 praedicatum
1039 1697 1102 1760 est.
1120 1691 1322 1782 Apostolum
1335 1691 1432 1782 loqui
1445 1692 1576 1760 sinouse

254 1804 290 1866 et
309 1796 396 1865 velle
409 1794 557 1864 verbum
572 1794 696 1865 durum
712 1817 871 1865 excusare
892 1802 926 1864 et
948 1795 1159 1865 adstantium
1176 1795 1456 1885 indignationem
1471 1797 1576 1875 emol-

253 1903 319 1971 lire
329 1901 521 1999 ostenditur
529 1901 790 1991 compellatione
796 1900 924 1989 fratres
938 1907 973 1969 et
985 1924 1026 1969 eo
1038 1901 1134 1993 quod
1147 1902 1265 1971 stetim
1276 1901 1374 1971 addit
1386 1923 1395 1972 τ
1408 1902 1575 1995 scriptum

255 2008 406 2077 ostentm
421 2028 435 2075 .·
442 2006 640 2100 principem
650 2005 839 2098 populitui
856 2030 925 2076 uon
936 2006 1121 2077 maledices
1128 2028 1144 2094 ;
1160 2008 1207 2077 oi.
1228 2012 1286 2078 Fa.
1306 2014 1429 2094 223&
1452 2008 1477 2076 i.
1499 2008 1577 2076 esi

253 2115 391 2185 scissem
405 2112 607 2205 pontificem
618 2135 660 2182 ea
673 2112 826 2181 locutum
841 2136 929 2199 esse,
945 2136 1015 2183 non
1027 2114 1187 2184 dixissem
1198 2137 1314 2207 neque
1327 2114 1473 2185 verbum
1486 2113 1576 2183 illud.

255 2220 337 2291 mali
352 2219 477 2289 ominis
488 2242 607 2311 neque
626 2219 791 2289 iudicium
808 2219 896 2288 illud
907 2220 951 2289 de
963 2220 1056 2288 malo
1070 2221 1145 2290 eius
1158 2221 1287 2310 agendi
1299 2221 1404 2291 modo
1417 2221 1576 2312 protulis-

252 2347 345 2408 sem3
363 2347 446 2397 nom
464 2324 640 2417 Scriptura
663 2330 754 2393 vetat
775 2337 875 2407 κακῶς
893 2325 991 2416 loqui
1014 2326 1066 2395 de
1078 2348 1120 2396 eo
1144 2326 1207 2419 qui
1220 2332 1272 2396 est
1289 2335 1392 2417 ἄρχων
1412 2343 1463 2397 τοῦ
1484 2335 1571 2407 λαοῦ,

253 2432 367 2525 quiin
382 2431 585 2501 auctoritate
599 2431 799 2500 constitutus
815 2438 865 2501 est
879 2431 936 2521 (cf.
955 2430 1072 2518 dela).
1096 2436 1165 2501 lloo
1178 2439 1295 2503 sutem
1310 2440 1405 2502 textu
1423 2431 1573 2520 allegato

254 2538 446 2608 excluditur
465 2536 585 2628 opinio
608 2558 727 2605 eorum
753 2538 813 2628 qui
835 2538 955 2606 volunt
979 2538 1123 2608 Paulum
1147 2538 1282 2608 ironice
1299 2539 1455 2608 locutum
1475 2559 1571 2607 esse:

252 2644 448 2713 nesciebam
467 2643 580 2713 virum
595 2641 656 2734 qui
673 2642 723 2711 ita
730 2649 848 2711 contra
863 2643 976 2732 legem
995 2650 1077 2733 agat
1103 2666 1177 2714 esse
1196 2644 1398 2737 pontificem
1413 2645 1476 2735 (ita
1497 2655 1573 2724 τινὲς

254 2749 349 2843 apud
371 2748 448 2818 Gbr.
472 2746 581 2818 Solus.
610 2747 767 2835 Loriuru,
802 2749 939 2841 Weiss);
967 2772 1048 2819 nam
1078 2757 1150 2820 tum
1175 2773 1298 2821 revera
1319 2750 1471 2820 scivisset
1493 2771 1573 2819 eum

253 2879 324 2928 esse
338 2855 536 2947 pontificem
560 2861 596 2925 et
620 2853 734 2924 dicere
754 2854 913 2925 voluisset
934 2856 1078 2928 solum:
1105 2856 1212 2926 talem
1239 2878 1306 2946 ego
1332 2879 1403 2926 non
1426 2878 1573 2946 agnosco

254 2962 397 3033 modum
424 2960 554 3051 egendi
575 2960 721 3050 dignum
749 2960 925 3051 pontifice;
954 2961 1015 3030 sed
1040 2961 1086 3031 ad
1108 2961 1201 3032 banc
1229 2961 1437 3032 sententiam
1459 2963 1573 3054 inepte

253 3068 504 3157 adiungeretur
523 3073 634 3136 textus
653 3065 726 3135 ille.
741 3066 807 3137 Alii
826 3066 1028 3159 plerumque
1048 3075 1188 3136 censent
1206 3069 1348 3138 Paulum
1373 3090 1493 3138 revera
1512 3091 1574 3138 ne·

253 3175 356 3245 scisse
368 3173 537 3242 Ananiam
548 3194 619 3242 csse
630 3170 826 3263 pontificem
839 3174 896 3262 (ct.
909 3173 988 3242 cur.
1002 3175 1081 3242 Oce.
1093 3173 1240 3266 Tbeopt.
1257 3174 1333 3244 Coi.
1344 3177 1432 3266 Lep.
1446 3173 1573 3263 Cultu.)

254 3283 309 3351 vel
341 3280 560 3349 existimasse
576 3277 793 3370 pontificatus
821 3278 937 3346 sedem
967 3301 1008 3347 eo
1037 3284 1193 3371 tempore
1222 3301 1345 3349 uacare
1374 3278 1509 3371 (Boot).
1532 3283 1574 3346 At

254 3394 441 3479 utrumque
459 3384 563 3478 plane
582 3390 633 3454 cst
646 3383 890 3476 improbabile,
907 3406 984 3454 curm
1008 3383 1133 3455 Paulus
1149 3384 1221 3454 iam
1240 3408 1281 3455 ex
1301 3385 1436 3478 aliquot
1453 3384 1574 3455 diebus

254 3500 340 3564 esset
353 3494 388 3562 in
408 3491 494 3561 urbe
508 3497 635 3560 etcum
649 3489 804 3559 ordinem
818 3512 992 3560 consessus
1005 3489 1160 3580 synedrii
1171 3492 1348 3579 cognitum
1363 3491 1519 3560 haberet.
1530 3529 1574 3542 —

255 3604 411 3671 Ceterum
429 3598 524 3690 quod
537 3596 661 3667 Paulus
674 3595 759 3664 dixit
778 3597 967 3688 :percutiet
986 3607 1032 3680 te,
1050 3597 1231 3689 impletum
1243 3603 1312 3679 est;
1328 3619 1412 3666 nam
1425 3596 1574 3666 Ananias

204 3725 210 3737 ·
254 3729 373 3777 mense
394 3704 581 3797 septembri
600 3725 690 3772 anno
713 3708 757 3771 66
784 3729 801 3765 u
828 3703 866 3771 in
879 3702 995 3790 regiae
1023 3702 1147 3771 domus
1168 3702 1405 3795 aquaeductu
1433 3703 1572 3772 latitans

254 3821 375 3907 eaptus
388 3818 485 3882 estet
499 3834 520 3880 a
533 3808 724 3879 latronibus
737 3808 775 3899 (i.
792 3830 822 3877 s.
841 3832 861 3877 a
878 3806 1022 3897 usuriis)
1037 3828 1118 3877 oum
1133 3808 1241 3879 tratre
1260 3808 1405 3879 Ezeebie
1418 3810 1573 3878 interfec-

252 3929 306 3992 tus
322 3950 338 3984 s
361 3920 417 3989 die
440 3917 588 4011 septimo
614 3914 740 3985 mensis
762 3914 919 4007 Gorpiaei
943 3913 1050 4006 (ΕΙιιΙ,
1074 3915 1296 4006 septembr-iu
1327 3917 1373 3985 cl.
1397 3915 1570 4008 Iosephus,

252 4029 337 4099 Bell.
350 4027 425 4097 iud.
440 4025 585 4116 2‚1·1,9).
741 4094 743 4099 ,
937 4115 940 4121 ⁴

297 4133 451 4205 Pontifex
469 4137 545 4201 erat
557 4129 785 4212 sadducaeus
800 4128 1070 4200 sadducaeorum
1086 4139 1121 4201 et
1139 4133 1213 4216 ἦθος
1225 4127 1310 4197 dicit
1323 4127 1484 4220 Iosephus
1501 4148 1572 4196 eme

252 4246 434 4335 ἀγριώτερον
451 4236 549 4330 (Bell.
573 4234 648 4306 ind.
672 4235 817 4327 2‚8‚lt).
835 4236 942 4306 Facile
960 4236 1036 4306 fieri
1056 4240 1208 4328 poterat,
1232 4241 1271 4335 ut
1288 4233 1462 4326 pharisaei
1481 4233 1573 4302 inter

251 4349 461 4442 synedristas
470 4342 722 4414 inhumanitate
735 4341 905 4434 pontilicis
916 4343 1182 4426 offenderentur,
1197 4338 1401 4432 praesertim
1413 4339 1497 4429 quia
1509 4339 1570 4408 illa

252 4456 349 4526 Pauli
367 4450 634 4546 reprehensione
648 4447 836 4519 iustisdme
848 4449 998 4541 expositu
1011 4454 1100 4519 esset
1112 4467 1230 4518 eoram
1243 4445 1405 4531 tribuno,
1425 4445 1487 4538 qui
1498 4466 1571 4515 me-

251 4565 319 4633 rito
332 4559 463 4632 censeri
472 4563 606 4653 poterat
629 4555 803 4650 despicere
817 4576 989 4627 summum
1013 4552 1471 4645 magistratumludaeorum
1484 4552 1571 4622 adeo

134 4686 137 4693 “
251 4658 1595 4769 ferociteragentemetuestuiraeabreptumcontraeumquisnidelensionem,
