4054 5442
281 292 343 350 ur
847 305 915 350 scr.
937 290 1058 364 sear.

281 459 324 505 ea
346 457 436 526 quae
460 436 526 503 snb
549 436 632 505 luna
651 438 739 505 fiunt
757 439 975 528 providentia
988 438 1058 506 irai
1070 458 1142 505 non
1160 435 1297 518 sinunt;
1313 436 1366 503 illi
1384 458 1469 503 vero
1484 439 1616 528 ubique

281 542 454 633 putabant
472 545 580 611 Deum
600 565 671 612 esse
688 551 902 634 praesentem
924 553 959 612 et
984 543 1078 635 quod
1104 543 1215 611 multa
1240 542 1318 633 quis
1338 543 1520 630 effugerit,
1547 566 1617 610 non

281 670 393 739 usque
411 647 449 716 in
470 649 574 718 tinem
591 655 711 717 tamen
724 649 866 736 effugiet
881 678 911 715 n.
929 653 1030 717 Notat
1043 649 1096 716 Bt.
1116 671 1130 715 .·
1144 677 1162 709 (ι
1180 650 1302 738 quaeri
1314 654 1428 738 potest
1441 649 1618 739 quomodo

280 754 487 825 intellexerit
509 759 615 822 Lucas
639 777 730 844 quse
757 754 931 836 dicerent3
956 755 1013 821 vix
1038 754 1133 821 enim
1147 760 1223 820 erat
1239 752 1332 820 inter
1346 754 1537 842 naufragos
1551 754 1618 822 ali-

281 863 360 952 quis
381 862 442 951 qui
464 861 588 949 punice
606 860 721 926 sciret.
747 864 799 927 An
821 880 898 925 cum
922 859 976 926 illi
993 860 1040 926 ad
1060 857 1218 927 Publium
1243 856 1288 925 de
1311 859 1420 925 Paulo
1447 861 1618 928 referrent

282 970 317 1056 (7
338 967 442 1055 serp),
465 965 533 1054 ipsi
550 971 782 1032 narraverunt
793 964 828 1032 id
844 964 1007 1053 primone
1021 965 1179 1055 opinatos
1192 984 1266 1030 esse
1284 967 1326 1031 a?
1340 964 1462 1032 Elucet
1475 988 1516 1032 cx
1531 989 1564 1031 v.
1581 972 1615 1034 9.

284 1078 325 1140 10
357 1071 449 1137 inter
477 1069 620 1137 Paulum
650 1077 684 1138 et
715 1070 843 1138 incolas
878 1069 1023 1137 multam
1051 1069 1614 1153 intercessisse'consuetudinem

279 1175 430 1267 proinde
455 1197 514 1242 eos
537 1177 640 1243 etiam
669 1182 772 1267 atque
799 1177 904 1243 etiam
927 1196 1086 1243 narrasse
1107 1175 1195 1265 quid
1214 1175 1330 1264 primo
1348 1175 1393 1243 de
1409 1198 1450 1243 co
1469 1177 1560 1244 inter
1578 1199 1616 1244 se

280 1281 415 1371 opinati
445 1284 530 1362 sint,
560 1281 645 1373 quid
670 1282 782 1369 magis
804 1282 984 1350 hominum
1008 1286 1157 1349 naturae
1183 1287 1459 1349 consentaneum
1483 1283 1615 1350 censeri

280 1389 411 1477 potest?
433 1395 467 1455 et
488 1409 567 1454 cum
590 1387 702 1455 insula
721 1389 827 1454 etiam
844 1409 865 1453 a
887 1387 1024 1456 Graecis
1040 1386 1254 1455 incoleretur
1275 1394 1311 1455 et
1330 1388 1401 1455 iam
1417 1387 1478 1456 diu
1496 1388 1535 1456 iu
1551 1411 1615 1479 po-

279 1498 399 1563 testate
422 1502 510 1561 esset
533 1498 762 1561 Romanorum
786 1493 988 1583 provinciae
1009 1492 1146 1562 Siciliae
1169 1491 1326 1575 addicta,
1356 1499 1450 1562 certe
1472 1493 1614 1562 minime

280 1599 425 1668 deerant
439 1599 500 1689 qui
515 1618 638 1684 graece
651 1598 886 1689 loquerentur.

325 1708 371 1771 Ex
392 1704 585 1772 incolarum
604 1704 720 1771 verbis
746 1704 876 1795 paritor
900 1703 1014 1772 elucet
1029 1726 1087 1773 eos
1105 1705 1242 1773 novisse
1255 1707 1413 1795 viperam
1427 1727 1500 1775 esse
1512 1726 1614 1773 vene·

280 1815 416 1893 natam3
440 1831 473 1878 v.
501 1817 521 1878 5
551 1822 584 1877 et
608 1809 668 1877 ille
696 1809 840 1900 quidem
858 1811 1034 1878 excutiens
1058 1810 1201 1879 bestiam
1227 1811 1265 1878 in
1294 1810 1413 1901 ignem
1433 1815 1613 1892 ἀποτινάξας

282 1916 374 2005 (Luc.
392 1914 464 2004 9,5)
481 1914 626 1983 excussit
639 1922 675 1984 et
690 1915 783 1983 nibil
797 1916 886 1984 mali
900 1938 1026 2007 passus
1038 1929 1110 2002 est,·
1127 1915 1407 1986 animadversum
1422 1921 1474 1984 est
1488 1921 1612 1984 Lucam

279 2044 320 2089 ex
332 2027 406 2089 arte
422 2020 558 2089 medica
575 2031 676 2109 θηρίον
692 2021 868 2112 appellere
881 2023 1055 2112 viperam3
1073 2044 1144 2113 qno
1158 2022 1301 2090 nomine
1316 2043 1455 2114 quoqne
1468 2027 1614 2090 utuntur

280 2128 514 2217 Hippocrates,
537 2127 760 2207 Dioscorides,
780 2126 952 2209 Aelianus,
973 2128 1184 2211 Aristoteles,
1206 2128 1424 2212 Plutarchus,
1443 2127 1614 2196 Nicander

279 2234 315 2300 in
340 2232 528 2314 Theriacis,
550 2233 642 2301 unde
665 2233 770 2301 atilli
793 2233 854 2324 qui
879 2256 900 2301 a
918 2233 1048 2324 viperis
1066 2218 1321 2302 admordentur
1336 2240 1536 2323 θηριὸδηκτοι,
1559 2243 1613 2317 θη-

281 2343 396 2428 ριώέεις
417 2338 564 2407 audiunt
586 2347 621 2407 et
638 2339 830 2407 remedium
855 2338 1020 2407 adversus
1039 2341 1217 2430 viperinos
1236 2361 1371 2408 morsus
1390 2347 1531 2428 θηριακὲν
1550 2362 1611 2408 seu

280 2455 407 2535 θηρικκὴ
429 2449 580 2526 breem
594 2466 722 2512 nomen
737 2452 786 2512 est
799 2446 957 2513 sortitum
972 2445 1031 2534 (ol.
1054 2445 1201 2536 Wolfius
1215 2445 1252 2513 in
1266 2445 1304 2512 h.
1320 2446 1346 2512 l.
1368 2446 1463 2535 apud
1476 2447 1608 2534 Patr.);

281 2573 312 2616 v.
347 2558 368 2618 6
391 2563 428 2618 at
451 2551 506 2617 illi
525 2552 766 2618 eristinrabunt
784 2574 862 2619 eum
882 2553 919 2618 ὄπ
942 2565 1111 2619 tumorem
1133 2550 1404 2620 convertendam
1421 2558 1610 2640 προσεδὲκων

278 2656 537 2746 exspectabant,
570 2667 755 2744 :turparetur
784 2668 914 2727 τευτέστι
946 2665 1176 2746 &supprimuntur
1214 2656 1310 2746 (Otr.
1353 2660 1380 2724 T
1378 2656 1529 2747 templa),
1556 2657 1609 2725 in·

279 2768 468 2830 tumescere
489 2762 590 2849 (Beel.
618 2765 715 2830 Patr.
738 2762 823 2831 Felt.
845 2762 932 2853 Bl.);
957 2763 1101 2854 propria
1125 2757 1222 2831 notio
1241 2770 1292 2830 est
1310 2763 1538 2846 intlammari,
1557 2762 1610 2831 in·

279 2867 397 2941 cendi:
424 2866 488 2956 gig
512 2868 687 2950 suscendi,
708 2882 742 2937 et
757 2870 865 2936 subito
880 2891 1063 2953 casurum,
1077 2866 1140 2935 diu
1156 2881 1274 2936 cutem
1292 2867 1365 2935 illis
1379 2859 1610 2959 exspectanti·

279 2976 338 3041 bus
365 2987 397 3040 et
422 2972 613 3041 ridentibus
633 2973 726 3041 nibil
746 2974 833 3042 mali
853 2982 961 3044 iresca
985 2974 1075 3042 nihil
1101 2973 1316 3042 incommodi
1341 2974 1379 3041 in
1400 2997 1439 3042 eo
1463 2974 1545 3064 fieri
1566 2979 1608 3056 εἰς

279 3086 378 3159 αὒτὲν,
397 3087 518 3147 contra
533 3102 624 3161 eum,
646 3085 1177 3165 auriculantesscpzrztaldusvcc
1191 3080 1216 3146 i.
1237 3102 1268 3147 e.
1285 3086 1420 3147 mutata
1435 3070 1608 3148 senbntia

277 3183 438 3252 dicebant
461 3207 538 3251 curn
560 3207 630 3252 esse
656 3184 769 3272 decem,
797 3185 888 3276 quod
911 3185 1022 3253 indoli
1040 3183 1182 3253 rudium
1202 3185 1307 3276 plane
1326 3187 1505 3273 congruit3
1528 3184 1607 3253 vide

280 3296 377 3370 tt,1t
402 3290 464 3356 ubi
483 3295 677 3379 Lystrenses
698 3290 827 3380 pariter
845 3290 1047 3359 iudicabant
1063 3290 1146 3358 deos
1162 3290 1276 3358 torma
1287 3291 1444 3360 humana
1460 3314 1497 3360 se
1512 3313 1605 3382 spec-

278 3397 401 3464 tandos
421 3396 601 3487 praebere.

320 3503 427 3570 Etiam
453 3502 673 3589 magistratus
695 3524 856 3570 romanus
874 3494 1061 3590 naufragos
1075 3503 1211 3593 aliquos
1226 3503 1316 3571 bene
1331 3503 1466 3592 excepit
1480 3526 1512 3571 v.
1531 3512 1552 3570 ¹1
1568 3504 1604 3570 in

276 3608 360 3677 locis
381 3622 499 3675 aretem
522 3608 593 3675 illis
615 3621 715 3676 eran!
723 3607 872 3699 praedio
885 3608 1057 3699 principis
1076 3608 1225 3690 insulae,
1239 3610 1380 3677 nomine
1397 3607 1528 3690 Publii,
1544 3609 1607 3700 qui

276 3738 336 3781 nos
364 3714 555 3804 suscipiens
584 3713 698 3781 triduo
727 3712 870 3804 benique
900 3712 1056 3781 exhibuit
1084 3721 1269 3802 φιλοφρένως
1298 3719 1427 3796 ἐξένισεν
1454 3714 1604 3805 bospitio

276 3822 428 3888 humane
452 3821 582 3912 recepit
603 3820 705 3910 (gig).
727 3824 812 3897 Quot
828 3819 1008 3909 exceperit,
1023 3818 1094 3888 dici
1106 3820 1245 3910 nequit;
1259 3819 1423 3888 invitatos
1438 3841 1510 3887 esse
1524 3842 1604 3888 ceu·

276 3926 447 3994 turioucm
475 3935 509 3995 et
533 3928 659 3994 milites
685 3932 800 4015 utpote
822 3946 984 3993 romanos
1006 3925 1193 4016 probabile
1217 3931 1285 4006 est;
1308 3925 1464 3994 centurio
1488 3946 1603 3994 seeum

276 4031 419 4100 adduxit
441 4033 583 4100 Paulum
609 4055 711 4123 quem
735 4030 852 4120 magni
877 4030 1083 4100 aestimabat
1105 4031 1249 4122 eiusque
1271 4031 1393 4100 socios.
1416 4034 1503 4099 Num
1523 4052 1603 4097 vero

276 4160 396 4207 omnes
416 4139 574 4226 naufragi
596 4139 727 4229 excepti
742 4138 826 4218 sint,
849 4137 957 4205 donec
972 4137 1074 4205 aliter
1087 4136 1154 4205 sibi
1171 4136 1357 4228 providere
1376 4144 1530 4228 possent,
1550 4135 1602 4202 vi-

276 4245 353 4313 eiua
368 4245 428 4312 illa
444 4245 538 4327 villa,
561 4267 639 4312 cnm
659 4251 776 4311 tamen
793 4242 922 4311 diutius
940 4242 1054 4311 imbre
1069 4249 1104 4311 et
1121 4242 1254 4330 frigore
1266 4242 1447 4310 obtinente
1465 4263 1601 4309 manere

275 4374 344 4419 nou
357 4358 498 4442 possent
510 4351 574 4418 sub
590 4350 659 4425 dio,
680 4348 800 4439 quaeri
812 4354 938 4438 potest3
955 4349 1016 4416 alii
1025 4349 1204 4418 affirmant
1220 4348 1379 4438 (Weiss),
1397 4353 1529 4435 negant
1541 4347 1601 4415 alii

278 4458 383 4546 (Becl.
401 4456 487 4524 Felt.
517 4454 667 4543 Weudt).
682 4454 874 4522 Notandum
892 4454 950 4523 hic
963 4477 1103 4546 quoque
1115 4476 1222 4545 quam
1236 4452 1519 4539 accurateLucas
1532 4475 1601 4520 ma·

276 4564 434 4651 gistratui
458 4584 603 4630 romano
623 4562 758 4628 titulum
778 4581 856 4627 eum
876 4559 1040 4629 adscribit
1059 4560 1177 4651 quiin
1194 4582 1236 4628 ea
1249 4558 1363 4627 insula
1379 4560 1414 4627 in
1432 4581 1496 4629 usu
1509 4564 1598 4628 erat:

277 4669 404 4754 legitur
421 4667 514 4734 enim
533 4679 574 4755 τῷ
593 4669 702 4754 πρώτῳ
719 4682 773 4748 τῆς
791 4674 892 4746 cloec,
914 4664 983 4731 iam
998 4670 1136 4756 roperta
1152 4671 1203 4732 est
1216 4663 1397 4754 inscriptio
1411 4685 1548 4752 graeca,
1564 4664 1601 4730 in
