4154 5452
1076 382 1152 433 aar·
1176 366 1310 443 aesna
1817 363 1858 424 eo

532 514 1131 605 aa),10sue(los;2t,ne.1od.aa),
1152 512 1212 580 lob
1238 518 1399 596 1,8;‘n‚3‚
1418 510 1523 577 David
1548 510 1610 595 (Ps.
1630 516 1726 591 17,1;
1756 519 1856 595 36.1;

531 626 626 704 88,t.
636 619 700 709 Ι21)
716 625 800 700 αἴας
815 620 941 689 dicitur
951 625 1051 710 pater
1064 624 1192 702 noster,
1208 620 1258 687 uti
1275 625 1354 702 229
1370 615 1583 708 patriarcha,
1600 636 1699 682 sensu
1713 617 1856 700 eodem3

529 748 659 797 munus
677 725 751 793 eius
765 727 1004 819 propheticum
1026 725 1093 814 ipsi
1109 727 1204 812 genti
1223 726 1297 794 eius
1317 730 1368 793 est
1388 722 1511 791 honori
1531 727 1566 790 et
1584 720 1733 811 gloriam
1751 745 1860 811 quare

528 836 747 925 fremuerunt
766 840 912 923 ἐφρύαξαν
933 829 1121 916 ferociunt,
1139 832 1300 901 ferociter
1320 831 1574 899 tumultuantur
1590 839 1727 918 pentes,
1745 839 1793 894 et.
1799 850 1861 918 po-

528 938 608 1032 puli
631 938 792 1019 meditati
814 951 896 1008 saint
914 936 1059 1005 inania?
1081 961 1170 1029 quae
1192 940 1330 1007 nullum
1357 938 1485 1006 habere
1507 939 1650 1027 possunt
1673 934 1804 1002 exitum
1829 940 1864 1002 et

530 1068 739 1131 successum,
763 1046 868 1138 proin
890 1044 991 1115 irrita
1007 1044 1130 1113 studia
1156 1052 1190 1112 et
1214 1054 1374 1127 conatus3
1402 1045 1546 1112 miratur
1568 1041 1742 1133 propheta
1763 1061 1863 1108 vesa-

530 1153 623 1221 niam
639 1154 830 1245 impiorum
847 1148 983 1239 (aedan
1001 1162 1034 1221 ν.
1052 1159 1095 1220 26
1110 1152 1296 1219 astiterunt
1310 1168 1409 1239 repes
1419 1161 1529 1216 terrae
1544 1160 1577 1216 et
1591 1147 1765 1239 principes
1779 1169 1863 1214 con-

530 1260 757 1328 venerantia
779 1278 887 1324 unum
909 1255 1073 1326 adversus
1096 1260 1281 1326 Dominum
1299 1270 1333 1324 et
1357 1257 1536 1323 adversum
1549 1253 1733 1324 ,Christum
1750 1253 1861 1322 zeias?

362 1388 365 1405 =
443 1430 447 1441 ,
526 1394 548 1443 2«
573 1387 614 1432 ac
641 1368 670 1432 si
693 1364 833 1432 foedera
861 1368 971 1430 alteo
999 1366 1191 1452 exigerent,
1217 1361 1434 1454 prophetiam
1461 1361 1499 1427 in
1522 1360 1676 1428 medinm
1707 1361 1860 1429 afferunt

528 1472 656 1561 seipsos
679 1469 782 1536 simul
805 1459 1019 1544 consolantes
1043 1469 1134 1561 quod
1159 1469 1275 1538 omnia
1298 1470 1426 1536 frustra
1449 1465 1660 1534 meditentur
1682 1465 1818 1534 inimici
1839 1494 1855 1528 s

531 1575 626 1667 (cnr.
644 1578 722 1644 Oec.
742 1575 918 1667 meopte).
941 1576 1088 1644 Victoria
1112 1577 1204 1644 euim
1225 1583 1260 1644 et
1274 1576 1386 1666 gloria
1406 1574 1541 1643 llessiae
1561 1579 1596 1640 et
1617 1571 1718 1660 regni
1733 1572 1808 1639 eius
1822 1578 1859 1640 et

527 1683 647 1753 clades
669 1681 840 1772 ruinaque
863 1683 1082 1751 inimicorum
1108 1684 1180 1751 eius
1206 1684 1242 1751 iu
1267 1689 1318 1751 Ps.
1342 1689 1399 1767 ists
1426 1703 1500 1771 seq.
1521 1672 1740 1748 describitur.
1763 1678 1859 1747 Unde

528 1791 636 1868 laetos
650 1788 955 1881 capiuntanimos3
971 1811 1053 1857 nam
1077 1791 1164 1857 sicut
1182 1790 1333 1880 priorem
1355 1788 1477 1880 psalmi
1491 1793 1625 1878 partem
1644 1785 1766 1853 vident
1790 1785 1858 1852 im·

528 1897 674 1987 pletum,
688 1898 737 1963 ita
750 1896 896 1963 alteram
911 1918 1049 1987 quoque
1068 1895 1110 1963 de
1125 1895 1236 1982 gloria
1251 1901 1284 1962 ct
1299 1917 1408 1982 regno
1426 1900 1461 1961 et
1480 1893 1657 1983 triumpho
1671 1892 1860 1984 impletum

525 2003 573 2069 iri
586 2001 792 2069 confidunt·
1252 2064 1254 2069 ,
1720 2001 1724 2007 ’
1835 2050 1838 2058 .

530 2146 533 2153 ·
572 2110 690 2186 Quare¹
707 2106 751 2174 ad
776 2108 866 2174 hano
888 2106 1131 2173 confidentiam
1158 2106 1365 2175 firmandam
1389 2100 1546 2197 explicite
1567 2105 1634 2173 sibi
1658 2107 1859 2196 proponunt

527 2236 634 2304 quam
656 2218 815 2287 accurate
836 2214 953 2302 priora
976 2211 1100 2302 psalmi
1124 2213 1230 2280 verba
1254 2217 1450 2302 congruant
1477 2214 1514 2281 in
1535 2212 1723 2295 Christum
1751 2231 1859 2300 quem

526 2338 654 2389 nexum
673 2318 957 2411 psychologicum
975 2326 1010 2386 ct
1023 2321 1184 2387 allectum
1203 2320 1232 2386 si
1248 2319 1531 2401 consideraveris,
1545 2317 1721 2406 intelliges
1737 2318 1857 2407 inepta

528 2432 717 2518 expunctus
741 2426 805 2493 hos
828 2447 945 2493 versus
969 2427 1058 2493 velle
1079 2426 1177 2515 Hilq.
1200 2429 1331 2517 quippe
1355 2427 1414 2516 qui
1433 2426 1598 2515 optimam
1618 2424 1855 2514 precationem

526 2532 820 2623 interrumperent
843 2538 877 2600 et
901 2532 1097 2600 turbarent!
1123 2534 1349 2622 Neutiquam!¹
1372 2532 1441 2598 imo
1461 2530 1662 2622 petitionem
1682 2552 1716 2594 v.
1738 2534 1794 2596 29.
1811 2536 1855 2597 30

525 2640 655 2730 optime
675 2645 883 2729 praeparant
903 2660 935 2705 v.
954 2645 996 2705 27
1017 2651 1248 2706 convenerunt
1270 2640 1363 2705 enim
1386 2660 1461 2704 vere
1484 2636 1521 2703 in
1543 2635 1684 2703 ciuitate
1701 2636 1769 2702 ista
1790 2634 1854 2702 ad·

526 2767 638 2813 cernes
657 2758 814 2812 sunctum
826 2767 976 2835 picei-um
996 2758 1093 2811 crczcm
1114 2754 1223 2829 παῖδα,
1246 2751 1338 2825 3,13,
1359 2746 1470 2810 lesum
1493 2764 1597 2833 quem
1620 2740 1771 2828 unxisti,
1795 2748 1852 2810 re·

525 2874 606 2938 gem
624 2851 843 2929 constituisti3
863 2853 905 2918 cl.
923 2856 962 2918 ls.
981 2859 1058 2932 lim
1082 2852 1244 2918 Dominus
1261 2852 1357 2917 unxit
1377 2871 1447 2931 me,
1470 2850 1622 2918 humana
1638 2848 1712 2917 eius
1728 2854 1856 2917 natura

525 2964 630 3028 uncta
644 2965 694 3025 est
710 2957 838 3047 Spiritu
853 2963 970 3023 sancto
990 2960 1045 3045 (ls.
1066 2958 1170 3046 113),
1191 2965 1294 3024 uncta
1308 2956 1503 3039 divinitate,
1523 2956 1607 3023 etin
1621 2955 1735 3044 gloria
1750 2961 1857 3023 uncta

524 3065 601 3131 oleo
616 3062 850 3132 exsultationis
873 3070 905 3129 ct
923 3062 1077 3134 ,laetitiae
1102 3066 1166 3151 (Ps.
1189 3062 1297 3152 t5,8),
1312 3062 1462 3129 Herodes
1484 3074 1517 3128 et
1539 3062 1680 3128 Ponticas
1698 3060 1853 3144 Pilatus,

524 3172 586 3261 qui
617 3169 722 3261 primi
751 3178 830 3235 sunt
862 3191 901 3235 er
936 3170 1074 3256 regibus
1106 3175 1139 3237 ct
1172 3168 1389 3260 principibus
1426 3168 1646 3259 quicoutra
1676 3167 1853 3235 Christum
1942 3252 1947 3262 Ι

524 3276 666 3348 consilia
694 3276 891 3364 agitabant,
918 3298 996 3341 curn
1015 3276 1189 3363 pentibus,
1211 3275 1381 3343 militibus
1408 3274 1629 3362 alienigenis,
1648 3287 1682 3342 et
1706 3274 1854 3364 populis

523 3381 643 3466 Israel,
663 3382 822 3449 tribubus
836 3383 954 3459 lsrael;
971 3404 1011 3448 eo
1031 3383 1123 3449 enim
1141 3382 1243 3449 modo
1262 3385 1351 3449 lesus
1366 3382 1437 3471 ipse
1449 3380 1642 3472 passionem
1655 3379 1851 3470 praedixit:

524 3488 615 3556 filius
638 3487 790 3556 hominis
813 3487 968 3554 tradetur
986 3488 1201 3578 principibus
1223 3488 1440 3556 sacerdotum
1460 3495 1493 3554 et
1514 3486 1635 3554 scribis
1655 3493 1691 3554 et
1705 3487 1851 3554 seniori-

522 3594 629 3663 bus...
646 3601 680 3662 et
699 3592 840 3661 tradent
858 3616 937 3660 eum
956 3594 1118 3679 gentibus
1135 3597 1245 3680 (liare,
1267 3600 1379 3675 10,33.
1401 3593 1513 3661 llatth.
1531 3598 1647 3676 20,18.
1669 3598 1739 3680 19).
1761 3595 1851 3661 Con·

521 3707 691 3771 venerunt
707 3708 823 3768 autem
839 3722 872 3766 v.
890 3706 932 3767 28
955 3702 1088 3787 fucere,
1107 3710 1143 3767 ut
1166 3702 1335 3781 facerent,
1353 3723 1441 3790 picae
1463 3722 1585 3770 rumores
1599 3710 1672 3769 tua,
1683 3711 1716 3767 et
1739 3698 1852 3769 consi-

523 3807 607 3874 lium
624 3819 722 3874 tumn
745 3806 967 3874 decreuerunt
982 3807 1077 3894 fieri,
1104 3830 1192 3898 quae
1213 3808 1270 3874 Dei
1290 3807 1446 3898 potentia
1468 3828 1583 3873 rerum
1603 3806 1796 3874 ordinatrix
1815 3813 1851 3874 ct

524 3912 675 3982 effectrix
693 3913 715 3980 i.
739 3936 770 3980 e.
787 3935 907 3981 manus
922 3920 956 3980 et
972 3913 1046 3979 eius
1061 3913 1219 3982 voluutas
1233 3914 1304 3982 lieri
1321 3920 1422 3982 autea
1436 3913 1649 3995 decreverat,
1663 3915 1849 4003 προώρισενς

522 4020 635 4110 passio
655 4026 690 4085 et
709 4037 801 4086 mors
820 4027 893 4086 erat
915 4020 1144 4108 praedefinita
1165 4020 1220 4107 (cf.
1244 4022 1351 4107 ml·
1374 4025 1463 4087 Bene
1479 4025 1598 4086 notant
1612 4017 1683 4085 dici
1706 4018 1853 4087 :decre-

522 4132 647 4194 verunt
662 4125 742 4216 lieri
758 4125 859 4215 (nou,
879 4134 915 4191 ut
930 4125 981 4191 illi
998 4126 1173 4215 lacerent),
1191 4125 1266 4193 sieri
1280 4125 1355 4193 scil.
1371 4126 1440 4193 illis
1453 4123 1648 4193 volentibus
1666 4130 1701 4193 et
1719 4124 1852 4215 paratis

520 4255 582 4301 sua
613 4254 720 4323 prava
752 4232 927 4299 voluntate
957 4231 1000 4297 ad
1032 4231 1247 4300 inferendam
1274 4240 1420 4300 mortem
1457 4231 1580 4322 (Saltu.
1605 4235 1692 4322 Lep.
1722 4232 1848 4318 lieet).

520 4344 640 4407 Nam«
664 4342 811 4406 multum
832 4339 1003 4406 diversum
1026 4341 1240 4428 multumque
1263 4341 1472 4406 contrarium
1491 4337 1598 4406 estid
1619 4337 1714 4428 quod
1733 4338 1771 4404 in
1792 4342 1849 4405 lu-

521 4445 687 4514 daeorum
714 4444 929 4533 malignitate
953 4446 1218 4534 praecognitum
1241 4452 1275 4512 et
1296 4445 1390 4535 quod
1410 4445 1448 4513 iu
1469 4445 1594 4515 Christi
1615 4444 1852 4534 estpassione

520 4552 785 4642 dispositum3...
800 4573 872 4619 non
888 4552 980 4618 enim
996 4551 1120 4641 impias
1134 4552 1325 4620 furentium
1341 4574 1462 4619 manus
1475 4552 1520 4619 im
1527 4549 1619 4618 misit
1632 4551 1671 4626 in
1684 4571 1720 4618 se
1734 4551 1851 4621 1)οωὶ-

519 4680 601 4739 nus,
619 4658 683 4726 sed
706 4658 860 4741 admisit,
883 4681 946 4726 nec
970 4658 1194 4748 praesciendo
1219 4659 1314 4748 quod
1337 4658 1533 4727 faciendum
1559 4663 1646 4726 esset
1670 4654 1785 4746 coegit
1808 4662 1849 4725 ut

519 4765 617 4833 tieret
638 4791 654 4825 o
673 4767 720 4851 (S.
737 4768 820 4850 Leo,
838 4786 940 4832 serm.
963 4772 1002 4831 16
1017 4764 1059 4832 dc
1073 4787 1161 4854 pass.
1179 4768 1228 4833 Μ.
1247 4766 1398 4857 ababa).
