4154 5452
241 311 298 371 166
781 330 850 376 scr.
872 313 1012 386 sau-w,

238 479 351 560 neque
373 457 424 526 ibi
444 458 549 529 finem
573 462 662 530 vitae
686 466 723 531 et
744 464 977 531 molestiarum
999 460 1178 548 attigerat3
1204 452 1390 547 proculab
1410 460 1559 546 utroque

237 566 386 633 termino
411 565 543 636 aberat.
569 568 749 635 Contendit
773 567 867 658 Hilq.
893 589 963 634 esse
982 566 1220 633 additamenta
1243 561 1331 630 illud
1352 558 1440 650 filiis
1453 562 1563 628 Israel

237 693 271 740 v.
295 679 335 741 15
358 679 393 741 et
413 696 447 742 v.
471 680 528 757 163
554 673 689 762 quaerit
709 672 819 755 enim,
837 671 897 738 ubi
920 672 956 737 in
976 677 1047 737 Act.
1067 667 1258 736 ostenderit
1280 668 1433 735 Christus
1456 666 1561 734 Paulo

236 781 352 851 omnia
366 801 463 870 ‘quae
487 798 648 867 passurus
669 779 775 844 esset?
796 799 860 844 nec
883 798 919 843 se
939 773 1135 863 intelligere
1146 772 1248 855 dicit,
1266 774 1441 865 quomodo
1463 795 1496 839 v.
1517 778 1559 840 16

236 906 299 975 epo
318 885 412 952 euim
428 881 617 950 declaratio
630 880 799 971 quaedam
813 882 857 950 sit
871 883 927 950 vel
940 880 1122 971 explicatio
1140 878 1433 970 praecedentium.
1450 884 1559 948 Naxus

235 995 351 1058 tamen
365 987 466 1057 valde
478 987 599 1055 obvius
620 993 671 1055 cst
689 991 722 1055 et
746 988 817 1057 iam
833 988 917 1056 disci
935 987 1049 1078 potuit
1068 1009 1108 1054 ex
1128 990 1221 1070 5‚t1.
1239 984 1336 1064 Quod
1354 991 1472 1053 autem
1486 987 1557 1054 exi-

235 1096 304 1182 git,
315 1093 406 1161 illud
423 1097 565 1175 ὑποδείξω
580 1092 706 1162 dehere
719 1093 869 1183 intelligi
884 1094 932 1162 ita
947 1099 986 1163 ut
1004 1095 1042 1161 in
1055 1098 1128 1161 Act.
1143 1095 1376 1161 monstrentur
1387 1114 1409 1158 a
1424 1091 1557 1159 Christo

234 1199 339 1268 Paulo
362 1198 521 1287 singulae
543 1200 759 1283 afflictiones,
775 1199 958 1268 ridiculum
977 1203 1038 1268 est.
1061 1202 1170 1277 Quam
1190 1197 1381 1266 necessario
1405 1195 1452 1264 ad
1474 1218 1558 1286 apo-

232 1303 396 1373 stolatum
417 1305 512 1373 Pauli
533 1305 638 1375 etiam
653 1306 725 1393 filii
742 1305 851 1374 Israel
864 1306 1072 1397 pertineant,
1089 1305 1163 1394 ipse
1182 1304 1266 1373 satis
1286 1303 1442 1371 declarat
1456 1307 1555 1371 Rom.

236 1417 332 1495 1,16;
350 1416 464 1496 11‚1t.
483 1418 500 1480 1
518 1416 593 1480 Gor.
610 1418 690 1491 930
705 1416 769 1481 etc.

277 1517 395 1586 Verbis
407 1517 543 1585 Domini
561 1517 701 1585 edoctus
719 1516 867 1586 Ananias
886 1517 978 1586 iussa
995 1518 1078 1584 iacit
1091 1539 1124 1585 v.
1144 1523 1186 1583 17
1201 1528 1235 1583 et
1247 1514 1335 1582 abiit
1352 1515 1510 1583 Ananias
1525 1529 1560 1584 et

233 1622 392 1692 introivit
404 1623 443 1689 iu
464 1622 605 1691 domum
626 1634 659 1690 et
677 1623 855 1715 imponens
873 1622 906 1691 ci
928 1645 1054 1691 manus
1077 1621 1170 1691 diait
1192 1644 1206 1688 .·
1221 1621 1328 1690 Saule
1343 1620 1470 1710 frater,
1487 1625 1557 1689 Do-

232 1729 349 1796 minus
371 1728 465 1796 mt‘sit
486 1750 539 1796 me
557 1730 652 1796 lesus
673 1729 736 1820 qui
752 1729 918 1822 apparuit
939 1728 1004 1797 tibi
1024 1729 1063 1798 iu
1081 1729 1138 1796 cia
1159 1751 1230 1821 qua
1248 1728 1423 1812 veniebas,
1446 1740 1485 1795 ut
1504 1729 1559 1798 vie

66 1846 70 1851 '
188 1853 190 1856 ’
233 1833 315 1902 deas
338 1845 372 1903 et
396 1834 572 1925 implearis
595 1834 732 1925 Spiritu
753 1848 892 1922 saucto,·
914 1834 1002 1904 illud
1023 1834 1098 1904 scil.
1121 1856 1288 1905 manuum
1316 1833 1554 1924 impositione,

232 1941 299 2009 hoc
312 1939 609 2008 administratione
623 1939 801 2031 baptismi3
822 1940 969 2009 adhaec
988 1939 1056 2008 duo
1075 1962 1112 2008 se
1130 1939 1276 2008 missum
1294 1939 1438 2021 fatetur3
1456 1962 1489 2007 v.
1514 1947 1556 2009 18

231 2058 265 2114 et
287 2044 687 2137 consestimceciderunt
711 2045 755 2113 ab
779 2045 886 2115 oculis
910 2045 984 2114 eius
1005 2059 1160 2138 tamqam
1182 2068 1363 2137 squamae,
1381 2045 1555 2137 impositio

231 2173 398 2221 manuum
415 2151 477 2219 illa
497 2155 563 2235 cst,
584 2152 627 2221 da
644 2174 715 2243 qua
736 2152 884 2222 Christus
902 2151 987 2221 dixit
1007 2173 1016 2222 ε
1035 2174 1141 2243 supra
1159 2174 1281 2240 aegros
1303 2173 1425 2220 manus
1443 2154 1556 2245 impo-

230 2264 314 2326 nent
336 2264 371 2326 et
388 2256 478 2326 bene
492 2257 673 2327 habebunt
688 2259 799 2349 (llarc.
820 2258 946 2350 16,18).
962 2262 1133 2349 squamae
1152 2257 1377 2341 deciderunt,
1398 2260 1449 2327 ait
1474 2261 1551 2327 Oec.

230 2363 481 2433 vehementiam
513 2363 685 2432 caecitatis
712 2364 926 2434 ostendentes
953 2371 988 2433 et
1015 2365 1170 2434 sanitatis
1201 2364 1457 2433 certitudinem.
1488 2365 1555 2433 Alii

230 2492 370 2562 quoque
400 2475 522 2562 putant
547 2470 757 2558 tegumentis
791 2469 846 2539 sel
873 2469 1043 2562 pelliculis
1073 2470 1195 2539 oculos
1224 2470 1328 2538 fuisse
1359 2469 1555 2539 obfuscatas

229 2576 327 2644 nulla
348 2575 500 2645 laesione
517 2576 625 2667 ipsius
643 2575 735 2645 oculi
754 2577 844 2645 iacta
860 2576 958 2667 (Lep.
976 2575 1103 2667 Beel.);
1124 2576 1179 2645 vel
1198 2575 1372 2667 explicant
1391 2599 1554 2668 squamas

228 2682 336 2750 veluti
363 2684 635 2751 «concretiones
660 2681 828 2773 quasdam
855 2682 1005 2773 quaein
1028 2683 1138 2751 oculis
1163 2683 1362 2751 efformatae
1386 2683 1554 2773 prohibe-

229 2788 315 2856 bant
341 2810 386 2855 nc
405 2787 492 2857 lucis
515 2810 620 2857 usura
642 2790 829 2870 frueretur3
854 2789 1090 2858 concretiones
1116 2789 1202 2858 istae
1231 2789 1436 2857 coaluerunt
1461 2796 1551 2879 post-

228 2916 334 2985 quam
353 2894 413 2962 lux
433 2894 495 2963 illa
512 2893 659 2963 validior
678 2895 854 2964 oculorum
873 2895 970 2965 Pauli
989 2897 1099 2965 aciem
1121 2895 1298 2964 ferierat»
1322 2894 1450 2986 (Calua.
1471 2896 1550 2965 sim.

228 3000 346 3091 Ferit).
373 2999 438 3070 Alii
466 3000 659 3070 enstimant
689 3000 944 3095 comparatione
971 3023 1012 3071 ea
1043 3000 1157 3069 solum
1187 3000 1337 3070 describi
1374 3001 1551 3092 quomodo

227 3105 349 3174 Saulus
369 3105 436 3175 sibi
454 3106 546 3175 visus
565 3109 610 3176 sit
624 3107 799 3177 caecitatis
811 3106 1021 3177 ablationem
1034 3107 1214 3198 percipere
1235 3114 1270 3176 et
1291 3108 1391 3198 quasi
1407 3108 1547 3176 sentire.

226 3212 373 3304 Spiritus
401 3213 510 3281 sancti
533 3219 648 3282 autem
674 3216 824 3303 gratiam
848 3195 1048 3283 consecutus
1075 3219 1126 3281 est
1152 3212 1324 3305 baptismo
1350 3227 1382 3281 et
1404 3237 1550 3305 surqeus

227 3319 424 3411 baptizatus
444 3332 514 3403 est;
539 3320 584 3387 cl.
612 3327 732 3404 22‚1s;
760 3343 792 3389 v.
823 3327 918 3388 ittet
940 3341 1018 3388 cum
1045 3318 1231 3411 accepisset
1259 3320 1386 3401 cibum,
1412 3322 1550 3412 eonfor-

227 3438 320 3494 tatus
341 3437 410 3510 est;
435 3426 479 3493 cl.
501 3448 535 3493 v.
557 3431 577 3492 9
604 3433 740 3517 tempus
762 3424 851 3495 illud
874 3425 983 3495 donec
1006 3426 1038 3492 ei
1063 3426 1237 3494 diceretur
1261 3427 1347 3518 quid
1374 3434 1550 3518 oporteret

223 3532 354 3616 iacere,
369 3537 503 3623 tempus
514 3530 787 3623 praeparationis
805 3538 840 3599 ct
853 3531 1083 3624 poenitentiae
1104 3531 1241 3600 ieiunus
1261 3536 1348 3622 egit3
1375 3536 1550 3623 ceriferta-

225 3652 278 3707 tas
297 3651 367 3721 est,
388 3666 405 3701 «
427 3659 513 3725 ergo
536 3636 693 3706 infirmus
715 3643 789 3706 erat
808 3661 848 3706 ex
866 3638 1005 3722 itinere,
1022 3660 1063 3705 ex
1082 3644 1192 3721 metu,
1210 3661 1250 3706 ex
1268 3640 1377 3720 fame,
1393 3662 1433 3707 ex
1453 3662 1549 3708 moe·

223 3765 301 3813 rore
314 3771 331 3806 a
346 3743 457 3833 (Chr.)
472 3771 489 3806 «
502 3749 537 3812 et
550 3743 620 3811 cibi
631 3765 769 3834 quoque
780 3745 997 3834 perceptione
1011 3745 1158 3812 refectus
1167 3748 1230 3829 est,
1243 3743 1373 3835 quippe
1384 3745 1548 3815 triduano

223 3850 335 3917 iuerat
348 3848 479 3917 ieiunio
492 3848 657 3938 fatigatus
671 3876 688 3910 a
703 3847 899 3941 (Cassiod).

262 4018 368 4079 Verba
382 4017 521 4078 Ananiae
540 4015 727 4096 explicatius
744 4015 925 4080 reseruntur
938 4018 1030 4089 tata
1046 4035 1127 4097 seq,
1143 4017 1190 4080 ita
1211 4043 1227 4077 a
1249 4024 1286 4081 ut
1302 4026 1454 4099 appareat
1470 4037 1545 4081 sen·

223 4115 343 4176 tentiae
359 4105 519 4194 generalis
538 4117 661 4175 tuntum
681 4114 731 4176 vel
752 4115 869 4175 Lucam
885 4113 934 4175 rel
954 4114 1087 4176 Paulum
1106 4116 1176 4177 eius
1197 4121 1364 4178 auctorem
1385 4118 1544 4178 rationem

222 4211 387 4283 habuisse;
404 4216 549 4273 ceterum
567 4211 709 4290 proiecto
725 4229 760 4274 re
778 4228 853 4273 rara
871 4210 973 4274 multo
992 4211 1084 4291 plura
1100 4212 1187 4275 dicta
1207 4218 1283 4275 sunt
1302 4230 1402 4292 quam
1422 4213 1474 4276 hic
1493 4215 1545 4275 rel

222 4309 289 4371 illic
302 4308 454 4388 leguntur
469 4331 484 4364 a
502 4305 589 4388 (Bt).
605 4308 759 4370 Ananiam
777 4308 880 4387 aliqui
899 4327 1001 4372 unum
1021 4310 1119 4372 tuisse
1138 4309 1251 4372 dicunt
1266 4310 1306 4372 de
1322 4312 1361 4370 70
1374 4309 1544 4392 discipulis

222 4405 307 4486 (Oea.
334 4404 469 4488 Theopl.
493 4402 787 4485 seminatorum
808 4423 890 4486 quae
910 4406 951 4469 de
971 4423 1010 4470 eo
1031 4407 1206 4471 traditione
1227 4407 1451 4487 perhibentur,
1469 4410 1542 4472 vide

221 4504 306 4584 apud
319 4503 555 4577 Bollandiancs,
569 4502 622 4565 die
634 4504 684 4565 25.
699 4504 767 4565 lan.
783 4508 870 4566 mmo
883 4504 903 4564 2
915 4503 982 4566 lau.
998 4523 1030 4585 p.
1047 4505 1119 4567 6¹3.

261 4601 347 4672 Quae
361 4602 401 4664 de
417 4601 540 4666 inania
553 4604 729 4676 canantur,
743 4601 842 4681 aliqui
857 4602 958 4665 critici
978 4602 1012 4664 in
1031 4601 1168 4663 dubium
1187 4608 1317 4665 vocant.
1333 4606 1371 4665 Et
1390 4605 1446 4666 alii
1467 4606 1541 4686 qui-

223 4697 297 4757 dem
312 4691 481 4779 propterea
494 4699 570 4780 quia
587 4699 658 4773 10‚3
673 4717 740 4779 seq.
757 4701 792 4761 ll
810 4698 905 4763 etiam
918 4700 959 4763 da
974 4699 1096 4780 duplici
1113 4700 1237 4763 visione
1255 4718 1361 4764 sermo
1380 4703 1437 4781 sit,
1455 4704 1542 4765 unde
