4154 5452
997 472 1000 475 Ι
1069 396 1137 444 scr.
1160 385 1298 456 ses-n.
1785 385 1843 445 ser

521 536 590 605 ritu
614 530 848 627 promissionis
874 536 991 598 saneto
1016 529 1077 621 qui
1101 539 1151 600 est
1170 532 1297 624 pignus
1320 530 1520 601 hereditatis
1543 535 1682 598 nostrae
1710 533 1745 620 (2
1765 537 1842 600 Cor.

523 642 630 733 am).
1042 636 1046 645 '
1628 702 1632 711 .

566 744 668 837 llpud
688 742 922 812 samaritanos
945 743 1084 837 quo'que
1108 746 1271 838 Spiritum
1290 752 1447 815 sanctum
1462 768 1502 813 ex
1520 764 1686 813 manuum
1703 743 1848 831 imposi-

522 856 615 921 tione
631 850 752 917 datum
767 871 839 919 esse
852 851 961 939 signis
975 854 1121 920 externis
1135 859 1168 919 et
1185 853 1389 934 visibilibus,
1407 852 1627 942 perspicuum
1646 851 1684 918 lit
1698 873 1740 918 ex
1754 871 1786 916 v.
1807 855 1848 918 18

522 979 600 1025 cnm
619 955 887 1029 vidissetontem
898 957 1020 1024 Simon
1034 957 1119 1048 quio
1135 980 1197 1047 per
1208 958 1460 1049 impositionem
1480 978 1603 1024 neonus
1617 955 1850 1049 apostolorum

523 1063 666 1130 daretne·
679 1064 834 1157 Spiritus
849 1070 1010 1149 sanctiss,
1024 1062 1145 1130 obtulit
1158 1063 1207 1130 eis
1222 1062 1409 1154 pecaniam
1430 1086 1463 1132 v.
1491 1070 1532 1131 19
1556 1061 1672 1130 dicens
1690 1082 1704 1127 .·
1722 1061 1801 1130 date
1818 1076 1851 1130 et

524 1169 613 1238 milei
625 1170 715 1239 bone
727 1156 946 1261 potestatem,
959 1181 998 1236 nt
1011 1168 1214 1260 atticumque
1224 1170 1415 1263 imposuero
1428 1191 1563 1256 mantes,
1577 1167 1728 1262 occipiat
1740 1167 1852 1260 Spiri-

526 1288 791 1362 tnmsoncttem,
808 1275 874 1342 rite
894 1274 1064 1345 intellexit
1086 1297 1161 1343 eam
1188 1282 1389 1366 potestatem
1409 1277 1513 1344 talem
1528 1298 1600 1344 esse
1621 1275 1748 1345 debere
1763 1297 1852 1367 quae
1981 1340 1992 1356 ,

525 1407 595 1452 nou
611 1383 649 1450 in
663 1380 745 1450 solis
760 1379 923 1472 apostolis
933 1381 1170 1465 concludatur,
1187 1381 1248 1450 sed
1257 1405 1346 1473 quae
1361 1404 1423 1473 per
1436 1383 1607 1472 apostolos
1622 1382 1699 1451 aliis
1713 1404 1852 1473 quoque
1983 1447 1989 1458 ,

527 1487 635 1556 tribui
653 1492 687 1555 et
701 1486 750 1555 ita
764 1485 802 1555 in
816 1508 925 1575 regno
936 1488 1060 1557 Christi
1079 1489 1271 1557 continuari
1283 1494 1318 1556 et
1332 1487 1526 1557 conservari
1540 1488 1646 1578 possit
1660 1509 1701 1555 ae
1713 1486 1850 1555 debeat.

527 1600 573 1663 Ea
588 1593 729 1683 quidem
750 1594 841 1661 inre
858 1593 977 1663 Simon
995 1616 1031 1664 se
1048 1596 1307 1686 prudentiorem
1326 1594 1470 1686 praebet
1487 1616 1591 1684 quam
1608 1594 1715 1684 aliqui
1735 1614 1854 1661 recen·

526 1702 631 1769 tiores
643 1699 832 1770 acatholici
840 1701 900 1792 qui
909 1703 1046 1772 Petrum
1059 1701 1199 1793 quidem
1208 1702 1392 1793 primatem
1401 1700 1635 1791 apostolorum
1645 1703 1850 1789 agnoscunt,

528 1813 563 1876 at
577 1831 655 1877 eam
669 1807 876 1897 dignitatem
892 1806 1021 1877 dehere
1034 1829 1236 1900 permanere
1249 1809 1288 1876 in
1301 1808 1447 1877 Ecclesia
1458 1807 1613 1899 adeoque
1627 1807 1673 1899 ad
1684 1828 1856 1876 successo-

526 1935 581 1983 res
595 1915 744 1989 transire
759 1937 831 1983 non
845 1914 1041 2003 intelligere
1061 1914 1191 1984 volunt.
1213 1914 1334 1983 Simon
1348 1919 1465 1984 autem
1480 1936 1557 1983 eam
1574 1920 1781 2004 potestatem
1800 1914 1855 1981 in·
1955 1988 1960 1997 ‚

527 2019 731 2108 dignissime
749 2020 929 2104 tractavit,
947 2020 1032 2090 dum
1053 2042 1128 2090 eam
1148 2018 1185 2089 in
1211 2026 1393 2111 quaestum
1419 2027 1555 2111 turpem
1578 2020 1646 2087 sibi
1668 2040 1856 2109 procurare

528 2127 631 2193 vellet
646 2130 681 2192 et
700 2126 805 2194 simul
816 2125 966 2195 ostendit
979 2148 1086 2218 quam
1106 2127 1210 2216 longe
1226 2149 1323 2196 mens
1343 2127 1449 2217 ipsius
1466 2126 1600 2197 abesset
1623 2147 1644 2194 a
1666 2124 1753 2207 lide,
1771 2146 1857 2215 qno·

527 2233 623 2300 niam
638 2231 754 2323 petiit,
771 2236 811 2300 ut
825 2231 1030 2325 cteicumqne
1052 2234 1249 2324 imponeret
1266 2254 1388 2301 manus
1409 2232 1467 2300 ifle
1488 2231 1657 2321 acciperet
1675 2230 1853 2322 Spiritum
1879 2241 1883 2248 ⁴

529 2338 645 2407 Animi
661 2338 736 2407 eius
750 2338 1010 2429 perversitatem
1024 2344 1142 2408 Petrus
1157 2339 1346 2431 perspexit3
1364 2338 1485 2407 ambos
1497 2338 1555 2408 ille
1573 2339 1854 2431 compellaverat,

529 2449 664 2527 Petrus,
687 2450 726 2512 ut
739 2445 870 2536 primas
884 2445 1070 2537 respondet
1086 2465 1095 2513 t
1112 2449 1232 2514 Petrus
1245 2459 1361 2514 autem
1378 2443 1526 2513 tertiat
1537 2467 1615 2514 enne
1626 2464 1682 2514 tv.
1699 2451 1856 2536 tipasa-

529 2553 590 2619 nio
614 2564 676 2619 teta
699 2563 812 2620 teenm
835 2555 879 2620 sit
897 2551 936 2620 in
953 2552 1198 2643 perditionem,
1226 2552 1391 2643 qnoniam
1411 2551 1539 2619 dentem
1560 2550 1622 2619 Dei
1648 2550 1857 2619 existimasti

527 2657 680 2749 persenia
707 2658 879 2750 possideri
881 2678 898 2746 ,·
923 2658 1026 2726 talem
1058 2660 1186 2751 quippe
1214 2659 1322 2726 animi
1349 2658 1607 2748 dispositionem
1639 2656 1853 2738 manifestat,

530 2787 599 2855 qua
613 2763 651 2832 in
670 2763 904 2855 perditionem
920 2765 955 2832 et
970 2763 1227 2833 damnationem
1247 2763 1429 2854 abreptum
1447 2787 1526 2833 eum
1545 2763 1589 2832 iri
1607 2768 1740 2832 certum
1758 2762 1854 2831 vide·

530 2878 602 2953 tur;
623 2874 661 2938 ut
686 2875 804 2938 Petrus
827 2892 928 2941 suum
949 2870 1116 2962 exprimat
1139 2871 1335 2952 horrorem,
1357 2871 1458 2938 simul
1479 2871 1662 2962 pecuniam
1683 2893 1789 2960 quam
1808 2870 1854 2937 ad

529 2976 639 3045 scelus
650 2976 740 3044 illud
749 2975 917 3045 adhibere
925 2976 1035 3045 voluit
1044 2984 1221 3068 tamquam
1233 2999 1307 3045 rem
1318 2976 1420 3067 plane
1432 2976 1607 3045 scelestam
1620 2984 1653 3045 et
1660 2976 1856 3067 praemium

531 3082 655 3171 flagitii
676 3080 867 3173 perditioni
890 3082 1046 3151 devovet.
1071 3084 1219 3151 lniertur
1245 3083 1337 3151 enim
1361 3088 1429 3150 Deo
1452 3082 1580 3151 iniuria
1612 3084 1695 3173 quia
1724 3083 1855 3149 donum

531 3188 678 3256 coeleste
693 3189 817 3257 venale
831 3209 904 3258 esse
918 3193 952 3256 et
965 3211 986 3257 a
999 3210 1217 3279 quocumque
1231 3189 1378 3281 pecunia
1392 3189 1559 3280 possideri
1571 3211 1668 3281 posse
1683 3188 1855 3257 existima·

530 3296 591 3363 rit.
618 3323 635 3357 a
653 3300 729 3363 Non
739 3294 980 3386 imprecando,
995 3295 1056 3363 sed
1069 3294 1331 3378 comminando,
1347 3296 1401 3363 vel
1414 3295 1707 3385 quemadmodum
1724 3297 1761 3363 in
1778 3294 1856 3362 aliis

532 3401 724 3469 Bibliorum
739 3401 822 3468 locis
837 3400 965 3468 similia
982 3400 1109 3470 horum
1128 3400 1264 3493 prolata
1287 3400 1457 3487 videmus,
1479 3402 1712 3492 praedicendo
1736 3405 1856 3469 Petrus

531 3507 663 3577 Simoni
694 3508 783 3575 haec
809 3506 911 3593 dixit,
935 3528 1016 3575 nam
1045 3508 1139 3576 hunc
1171 3507 1352 3590 continuo,
1382 3513 1420 3575 ut
1450 3508 1696 3597 poenitentiam
1734 3513 1856 3597 ageret

532 3639 565 3682 v.
578 3621 633 3699 22,
649 3614 809 3681 hortatus
823 3619 873 3681 est
884 3639 901 3675 o
915 3613 1051 3704 (Pota).
1064 3612 1157 3682 Talia
1171 3612 1319 3705 proferri
1332 3636 1371 3681 ex
1384 3614 1456 3682 zelo
1470 3613 1619 3684 iustitiae
1635 3615 1697 3684 alii
1710 3628 1856 3684 monent

533 3720 631 3811 (eet.
646 3718 763 3811 Lep).

578 3828 684 3895 Plane
703 3824 890 3915 indiguum
909 3848 944 3894 se
962 3825 1100 3894 exhibet
1127 3826 1186 3917 qui
1211 3826 1378 3895 eiusmodi
1404 3829 1580 3918 potestatis
1601 3829 1773 3920 particeps
1796 3829 1858 3897 irat

532 3958 565 4002 v.
588 3940 628 4000 21
646 3954 718 4000 non
732 3945 783 4000 est
797 3931 862 4000 tibi
871 3954 957 4024 pers
971 3955 1081 4025 neque
1095 3955 1166 4001 sors
1179 3932 1217 4000 in
1230 3956 1383 4001 sermone
1394 3933 1457 4001 isto
1472 3934 1496 4001 i.
1513 3957 1544 4002 e.
1565 3934 1631 4004 hac
1644 3935 1682 4001 in
1696 3957 1734 4003 ro
1749 3956 1854 4025 quam

533 4039 690 4131 accipere
711 4039 761 4106 vis
782 4038 828 4126 (v.
848 4040 921 4128 19),
942 4040 1015 4107 scil.
1044 4038 1082 4107 in
1107 4040 1304 4131 receptione
1322 4047 1357 4108 ct
1382 4040 1565 4108 donatione
1580 4042 1744 4132 Spiritus3
1762 4049 1856 4132 λέγος

534 4147 705 4237 accipitur
724 4145 776 4213 uti
793 4160 852 4211 'tar
866 4144 956 4234 (eat.
975 4143 1085 4213 Satn.
1104 4149 1188 4237 Lop.
1210 4146 1302 4215 Beel.
1316 4148 1414 4216 Patr.
1431 4147 1492 4215 Fel
1508 4148 1546 4238 .),
1568 4148 1677 4217 Weiss
1691 4149 1859 4238 inlelligit

534 4243 683 4322 verbum
708 4252 805 4344 quod
826 4251 945 4321 Simon
966 4252 1068 4321 modo
1097 4253 1259 4343 protulit;
1284 4253 1338 4322 Bl.
1365 4252 1402 4322 in
1429 4254 1611 4343 evangelio
1633 4257 1667 4324 ei
1689 4280 1761 4325 non
1784 4278 1859 4325 esse

535 4365 674 4452 partem
689 4359 855 4450 explicat;
876 4381 935 4427 cor
959 4358 1051 4426 enim
1071 4371 1167 4427 tetum
1184 4382 1255 4428 non
1277 4372 1325 4428 est
1339 4373 1469 4430 rectum
1493 4384 1608 4430 eoram
1631 4365 1717 4447 Deo,
1739 4363 1862 4432 videns

538 4466 632 4535 enim
646 4471 738 4535 artes
756 4486 835 4534 suas
853 4466 1005 4556 magicas
1027 4465 1163 4554 ingenti
1178 4466 1362 4536 intervallo
1378 4467 1505 4537 distare
1526 4493 1547 4538 a
1561 4469 1687 4540 virtute
1701 4469 1860 4562 Spiritus,

538 4574 639 4640 hano
650 4577 857 4663 potestatem
877 4572 1056 4665 acquirere
1080 4574 1267 4664 exoptavit,
1289 4597 1359 4665 qno
1377 4574 1506 4645 maiore
1524 4598 1682 4646 successu
1701 4585 1864 4668 pergeret

539 4701 617 4747 suas
629 4701 735 4768 agere
753 4685 870 4771 partes
883 4680 977 4771 apud
992 4679 1238 4766 samaritanos,
1254 4703 1340 4773 quas
1353 4704 1502 4775 eousque
1516 4706 1593 4752 cnm
1609 4706 1737 4773 magna
1755 4683 1866 4753 admi·

542 4786 676 4855 ratione
701 4793 835 4876 egerat.
857 4786 909 4855 Ad
932 4786 1017 4879 quid
1036 4792 1184 4857 mentem
1209 4810 1306 4858 suam
1330 4789 1481 4879 dirigere
1504 4790 1645 4878 debeat,
1663 4793 1764 4863 docet
1784 4814 1866 4861 eum
