4054 5442
267 355 326 414 itt
824 369 891 447 aer.
913 351 1034 426 ata-2.
1067 367 1074 377 ·

266 506 424 570 suscipiens
447 504 542 556 triduo
568 504 691 570 benigne
714 505 851 556 exhlbuit.
880 504 905 554 8.
945 502 1010 571 τρεῖς
1040 496 1203 569 φιλοφρόνως
1235 495 1350 559 {Heroum
1385 499 1412 550 8.
1444 495 1543 567 lytmto
1575 499 1603 552 δε

267 593 500 657 Contlgltautem
513 598 623 658 patrem
641 593 734 645 Publii
747 591 908 644 lebribuset
944 588 988 641 τὸν
1013 587 1111 657 πατέρα
1133 591 1180 640 τοῦ
1202 585 1319 640 Ποπλίου
1342 589 1456 656 πυρετοῖς
1477 585 1519 637 καὶ
1541 585 1602 636 δοσ-

265 681 428 744 dysenteria
456 687 589 734 vexatum
619 685 719 733 lacere.
751 680 792 731 Ad
825 692 908 743 quem
945 677 1046 747 ενειρίιρ
1073 676 1247 745 συνορόρενον
1278 674 1453 728 mamistan·
1482 673 1542 743 πρὸς
1572 674 1601 725 ὃν

267 770 372 822 Paulus
392 772 520 832 latravlt,
539 772 568 822 et
581 781 668 833 quum
682 768 791 818 orasset
811 770 840 817 et
855 768 908 816 lm·
945 762 960 814 t
994 760 1095 823 Παῦλος
1138 760 1261 815 εἰσελθὼν
1303 762 1349 815 καὶ
1391 761 1600 833 προσευξάμενος,

267 861 407 924 posuisset
421 861 448 910 el
463 870 573 918 manus,
585 855 705 906 salvarlt
719 866 792 905 cum.
802 854 827 905 9.
846 852 909 913 Quo
945 848 1036 912 ἐπιθεὶς
1065 848 1111 911 tl<
1142 850 1230 920 χεῖρες
1255 848 1325 921 utiq·
1356 849 1445 904 ideam
1467 850 1553 907 aitte.
1582 853 1598 906 9

266 948 355 1008 lacto,
369 958 469 999 omnes
487 946 536 1009 qul
555 945 585 993 ln
603 943 697 994 tnmla
711 941 853 993 habebant
867 942 909 991 ln·
944 938 1034 991 teitau
1065 937 1093 991 a
1117 938 1256 1008 γενομέναν
1282 937 1308 991 οἱ
1337 937 1426 993 iamt
1452 939 1479 992 ct
1510 938 1536 993 tu
1564 941 1597 1011 τῇ

265 1035 412 1087 firmitates
425 1031 649 1094 accedebant,et
662 1030 847 1091 carebertum
865 1030 906 1082 10.
945 1026 1015 1099 νήσῳ
1050 1026 1155 1100 tyanam
1195 1023 1313 1089 &stasim
1347 1028 1523 1098 προσήρχοντο
1554 1028 1597 1081 καὶ

266 1124 322 1184 Qut
336 1124 420 1174 etlam
434 1120 531 1171 multis
545 1119 699 1172 bonoribus
713 1132 767 1172 nos
784 1121 908 1171 honora·
945 1113 1135 1185 itapamicmc·
1167 1119 1210 1171 10.
1242 1115 1270 1168 ct
1296 1113 1340 1167 καὶ
1373 1114 1482 1178 πολλοῖς
1513 1121 1597 1186 epate

266 1214 380 1272 verunt,
414 1215 445 1261 et
480 1208 679 1274 navigantibus
716 1208 909 1273 imposuerunt
945 1201 1065 1275 iripqsau
1094 1202 1174 1275 ἡμᾶς,
1202 1202 1246 1256 καὶ
1278 1201 1445 1275 ἀναγομένοις
1481 1203 1598 1258 ἐπέθεντο

267 1310 340 1364 quae
354 1298 515 1350 necessum
527 1301 617 1351 eraut.
945 1290 977 1344 τὰ
994 1289 1055 1362 apt<
1072 1290 1117 1354 τὰς
1134 1292 1231 1363 γραίας.
1259 1299 1264 1305 ’

301 1482 333 1533 ln
352 1496 378 1533 ν.
403 1483 414 1534 1
437 1482 471 1534 Β·
489 1483 528 1547 ph
549 1494 608 1534 arm
628 1493 674 1532 am
689 1479 720 1532 lu
739 1479 833 1531 demld
851 1482 900 1545 gig
922 1475 1061 1547 Μιλιεηνη,
1077 1480 1215 1533 Mllltene.
1237 1481 1271 1531 In
1291 1495 1320 1533 ν.
1343 1482 1429 1546 tglg
1449 1481 1598 1533 momordit

266 1583 380 1622 manum
393 1572 468 1632 etum
483 1584 512 1621 ν.
530 1568 544 1620 l
559 1570 655 1622 uivere
669 1568 779 1634 equltas
797 1581 855 1620 noa
871 1570 1008 1633 permlslt.
1024 1570 1058 1620 ln
1070 1582 1099 1619 r.
1117 1569 1133 1620 7
1148 1582 1197 1633 syr
1211 1569 1249 1634 ph
1268 1569 1294 1621 ο·
1309 1568 1364 1621 add
1384 1570 1415 1620 ln
1432 1569 1516 1620 domo
1527 1582 1594 1629 suc;

266 1660 315 1724 gig
326 1659 374 1723 qul
388 1670 441 1710 nos
453 1657 582 1722 basplclc
595 1657 718 1709 humane
731 1657 836 1721 recepit
847 1669 898 1721 per
911 1657 1043 1710 triduum.

308 1861 434 1926 Navem
467 1878 539 1926 esse
563 1855 717 1935 delatam
740 1878 811 1925 non
836 1856 874 1924 in
895 1856 1044 1925 insulam
1073 1856 1221 1925 llelitam
1250 1879 1361 1948 prope
1391 1857 1595 1925 Dalmatiam

265 1962 382 2052 (hodie
396 1961 550 2053 lleleda),
571 1961 633 2031 sed
653 1964 691 2030 in
711 1962 859 2031 llelitam
872 1962 995 2053 (llalta)
1007 1962 1159 2031 insulam
1173 1963 1268 2031 inter
1286 1963 1438 2031 Siciliam
1453 1969 1488 2032 et
1506 1962 1595 2031 ttri-

266 2091 342 2137 cam
366 2068 479 2138 elucet
498 2074 574 2137 tum
594 2090 636 2137 ex
659 2067 797 2136 nomine
823 2069 1007 2159 ventique
1030 2067 1132 2137 navis
1154 2068 1433 2160 propellebatur,
1458 2075 1532 2137 tum
1553 2091 1594 2137 ex

267 2176 332 2242 loci
355 2160 583 2265 descriptione
612 2174 657 2243 ad
685 2195 789 2264 quem
815 2174 1035 2266 appellebant
1065 2181 1247 2259 arms-m,
1283 2197 1374 2265 quae
1410 2175 1592 2265 descriptio

265 2281 464 2371 neutiquam
488 2281 525 2348 in
549 2278 697 2349 insulam
714 2280 863 2370 priorem
887 2281 1060 2368 congruit,
1076 2286 1152 2348 tum
1172 2304 1213 2350 ex
1228 2282 1352 2349 itinere
1367 2282 1462 2372 quad
1474 2302 1593 2350 narra·

264 2393 322 2453 tur
340 2392 443 2469 aaut
464 2408 537 2478 seq.
562 2408 571 2456 :
597 2385 767 2473 navigant
784 2409 824 2454 ex
837 2385 949 2454 insula
962 2390 1182 2474 syracusam,
1200 2386 1385 2474 Rhegium.
1407 2387 1558 2457 lnsnlam
1573 2410 1594 2456 a

262 2499 431 2581 Syracusa
450 2492 569 2561 abesse
589 2493 662 2560 iere
685 2497 751 2561 800
769 2491 878 2561 studia
899 2490 1071 2560 Diodorus
1091 2492 1221 2561 siculus
1239 2495 1304 2575 ait,
1328 2515 1400 2562 esse
1421 2493 1590 2561 caloniam

263 2599 484 2680 Phoenicum,
514 2600 643 2669 incolas
670 2619 741 2667 esse
759 2597 941 2689 opulentos
972 2597 1074 2687 (Bibl.
1101 2600 1213 2687 5‚1a);
1243 2622 1275 2667 v.
1308 2607 1383 2667 let
1403 2621 1482 2667 cum
1513 2622 1591 2668 eua-

262 2704 431 2789 sissemus,
460 2716 542 2773 tuae
574 2705 795 2796 coqnovimus
830 2703 916 2794 quia
945 2703 1067 2772 Melita
1089 2704 1209 2773 insuia
1230 2707 1436 2790 cosmatum·
1456 2703 1594 2773 tartari

264 2831 339 2876 aero
359 2808 585 2899 praestabant
599 2831 670 2878 aaa
685 2807 856 2878 modicam
868 2808 1121 2877 humanitatem
1136 2810 1245 2893 aoid,
1264 2817 1409 2900 βάρεοροι
1423 2817 1589 2880 vocantur

261 2915 402 3003 ignotae
431 2915 574 3004 linguae
606 2915 782 2999 hominem
809 2914 1043 3006 loquebantur
1065 2915 1203 2984 incolae
1234 2917 1373 3005 punice.
1404 2945 1421 2980 ο
1447 2917 1588 2985 Cartha·

261 3021 471 3109 giniensium
493 3043 570 3090 cum
596 3027 697 3106 esset,
719 3027 819 3112 capta
832 3025 883 3088 est
896 3019 1011 3089 insula
1025 3043 1045 3089 a
1058 3022 1224 3090 Romanis
1237 3044 1269 3091 a.
1291 3028 1357 3092 218
1374 3023 1457 3112 (liv.
1474 3024 1589 3111 atil)

260 3127 495 3218 attributaque
509 3133 559 3196 est
571 3126 706 3195 Siciliae
721 3126 930 3218 provinciae.
948 3129 1107 3195 Ceterum
1124 3133 1254 3196 suntet
1268 3130 1402 3196 nummi
1417 3133 1588 3198 lisinnias

260 3233 416 3324 inseripti
435 3242 470 3300 et
487 3253 632 3321 grecam
646 3232 885 3323 inscriptiones
903 3231 1141 3315 llelitensium,
1162 3233 1199 3301 in
1216 3255 1367 3325 quarum
1385 3256 1455 3301 una
1466 3233 1585 3326 (luscr.

260 3359 313 3425 gr.
339 3338 457 3406 ltaliae
483 3344 518 3407 et
540 3338 633 3407 Sicil.
658 3338 736 3427 953)
761 3344 919 3427 προξενίας
944 3345 1118 3427 εὐεργεσίας
1132 3361 1202 3429 que
1223 3339 1371 3408 honores
1388 3341 1425 3408 in
1444 3344 1587 3429 Syracu·

260 3465 381 3511 sanum
403 3444 579 3533 quendam
599 3445 830 3529 conferuntur,
852 3450 1124 3536 comparentque
1144 3445 1368 3514 ll'elitensium
1384 3456 1538 3536 ἱερεούτης
1554 3454 1587 3515 et

261 3556 422 3636 etp-[22:25
452 3549 512 3617 sed
535 3549 675 3619 interest
698 3549 829 3641 aliquid
852 3551 944 3619 inter
964 3549 1135 3642 oppidum
1161 3551 1276 3640 ipsum
1297 3558 1333 3619 et
1351 3574 1410 3621 rus
1424 3575 1493 3642 quo
1513 3558 1587 3620 tum

260 3660 426 3724 venerant
454 3684 470 3717 ο
497 3658 542 3741 (ν.
569 3663 607 3739 ’1;
633 3655 716 3744 Bt).
741 3656 826 3724 Urbs
846 3655 883 3723 in
898 3655 1015 3724 media
1028 3655 1340 3725 insulasitaetiam
1356 3658 1466 3726 llclite
1486 3680 1586 3726 voca·

259 3761 362 3828 batur
379 3761 438 3851 (ci.
466 3761 605 3829 Ptolem.
630 3761 775 3851 t,3,l'1).
795 3767 867 3840 Qua
879 3761 916 3829 in
933 3784 969 3830 re
984 3760 1197 3830 ostenderint
1212 3771 1445 3853 ριλενοροπίαν,
1464 3786 1583 3832 narra-

259 3872 316 3933 tur
333 3889 366 3934 ν.
389 3874 567 3936 inscenso
582 3867 673 3936 enim
684 3889 777 3958 pyra
790 3868 986 3957 reficiebant
1001 3888 1063 3934 nas
1076 3889 1194 3936 omnes
1202 3883 1348 3962 propter
1365 3870 1507 3938 imbrem
1519 3870 1583 3961 qui

258 3971 459 4039 imminebat
475 3980 622 4060 ἐφεστῶτα
635 3972 696 4063 qui
712 3972 901 4057 obtinebat,
918 3972 980 4063 qui
991 3972 1176 4061 ingruerat
1192 3973 1250 4063 (ef.
1268 3974 1361 4043 Beei.
1376 3979 1472 4043 Patr.
1495 3975 1576 4044 Feli.

261 4077 310 4145 al.
346 4077 482 4168 Wendt)
508 4091 540 4146 et
560 4079 699 4171 stipam
728 4085 957 4169 προσελάὸοντο,
985 4080 1054 4147 iam
1082 4079 1177 4147 Beda
1197 4085 1295 4148 notat
1321 4099 1329 4148 :
1357 4111 1373 4143 ν
1398 4082 1436 4149 in
1456 4102 1581 4169 graeco

256 4185 422 4276 scriptum
443 4191 493 4253 est
517 4207 526 4255 :
551 4185 761 4275 recipiebam
779 4208 853 4270 nos,
877 4186 971 4275 quud
986 4192 1020 4254 et
1034 4207 1096 4254 nos
1113 4186 1328 4255 arbitramur
1343 4187 1455 4277 primo
1469 4186 1517 4255 sic
1531 4187 1580 4254 in·

256 4296 485 4380 terpretatum
504 4313 574 4360 esse
590 4291 626 4359 in
640 4291 799 4374 latinum,
815 4290 874 4360 sed
888 4290 1112 4360 librariorum
1126 4292 1345 4379 negligentia
1362 4298 1531 4361 mutatum
1548 4322 1579 4361 ν.

257 4401 376 4465 Fertur
396 4420 535 4489 quoque
552 4397 655 4467 lectio
670 4405 952 4486 speciositatem
976 4400 1030 4488 ta*
1051 4399 1145 4488 137.)
1161 4419 1268 4487 quam
1284 4397 1338 4466 Bi.
1354 4397 1532 4488 adoptarit
1547 4405 1582 4467 et

257 4504 392 4593 reficere
415 4505 577 4596 explicat,
607 4503 726 4594 Polyb.
753 4509 847 4588 9,8,7
866 4504 1100 4594 προσαναλαόὼν
1125 4514 1179 4589 τὴν
1207 4513 1330 4589 δύναμιν
1355 4514 1391 4573 ἐκ
1410 4523 1466 4589 τῆς
1489 4534 1581 4574 νακο-

256 4620 391 4692 assirim.
1011 4687 1018 4700 ο

300 4716 425 4785 Paulus
442 4718 494 4786 uti
515 4723 617 4786 antea
636 4717 727 4786 bunc
743 4716 896 4786 omnium
913 4718 1077 4809 providit,
1097 4717 1147 4786 ita
1164 4738 1258 4785 nune
1271 4740 1411 4808 quoque
1425 4717 1581 4786 uidemus
