4010 5474
960 420 1055 486 ‘scu
1080 427 1238 499 luae-32.
1715 434 1775 496 307

453 583 532 673 Dei,
546 607 619 652 non
632 582 792 652 dedemus
805 577 987 645 aestimare
1004 596 1088 641 astro
1102 587 1166 641 eut
1182 587 1324 665 arqeuto
1344 587 1406 643 aret
1424 575 1554 667 lapidi,
1573 581 1776 671 scupeturae

453 692 537 758 artis
552 703 585 758 et
600 683 823 779 copitationis
843 680 988 748 leminis
1003 679 1160 749 divinum
1173 703 1244 750 esse
1257 680 1391 769 simile;
1401 680 1560 750 divinum
1577 705 1649 751 esse
1662 688 1775 756 simile

453 794 655 884 ligurisscil.
672 791 820 858 iactisex
836 811 919 857 auro
934 787 986 855 vel
1000 794 1161 874 argento,
1177 790 1233 856 vel
1251 789 1400 880 sculpto,
1418 789 1516 880 operi
1533 790 1663 858 caelato
1683 793 1775 881 quod

454 900 634 969 hominum
653 918 709 965 ars
721 896 778 965 vel
791 904 967 980 ἑνθύμησις,
985 892 1150 981 cogitatio
1171 894 1366 961 studiumve
1383 895 1515 962 feeerit.
1535 899 1643 964 Homo
1656 897 1777 987 itaque

452 1028 492 1073 ex
504 1014 567 1071 sua
579 1001 685 1094 ipsius
701 1008 842 1086 natura,
859 1024 899 1068 ex
913 998 1088 1067 intellectu
1104 1004 1139 1066 et
1155 998 1346 1083 voluntate,
1368 998 1434 1066 sibi
1450 1000 1635 1069 efformare
1654 1002 1778 1072 debuit

452 1111 630 1178 notionem
644 1110 703 1177 bei
724 1128 859 1177 summe
878 1103 1124 1191 intelligentis,
1139 1105 1303 1195 potentis,
1329 1104 1437 1173 libere
1453 1105 1601 1175 volentis
1617 1114 1653 1176 et
1673 1109 1777 1199 plane

402 1210 406 1217 ‘
452 1239 612 1309 respuere
625 1218 803 1284 notionem
821 1233 891 1302 qua
903 1232 1034 1278 numen
1047 1210 1210 1278 divinum
1223 1213 1476 1280 consecratione
1488 1214 1643 1304 quadam
1657 1215 1778 1283 statuis

452 1325 562 1391 inesse
574 1324 688 1413 iisque
707 1319 808 1410 quasi
831 1316 970 1405 alligari
991 1315 1114 1403 vulgus
1135 1315 1369 1400 existimabat3
1385 1317 1457 1385 eius
1480 1316 1655 1408 opinionis
1680 1321 1777 1388 testi·

453 1430 569 1497 monia
590 1427 669 1495 vide
689 1425 728 1493 in
746 1428 937 1493 comment.
965 1427 1006 1490 ls.
1029 1426 1056 1490 ll
1075 1445 1111 1513 p.
1135 1427 1210 1490 161⁵.
1237 1450 1254 1484 a
1270 1425 1404 1491 Nostra*
1418 1423 1572 1494 conditio
1593 1432 1628 1495 ct
1651 1434 1779 1495 natura

452 1535 527 1629 ipsa
546 1532 710 1601 certiores
723 1552 786 1599 nes
803 1529 887 1599 tacit
898 1528 987 1598 nihil
1007 1528 1164 1597 divinum
1179 1549 1250 1596 esse
1273 1550 1371 1618 posse
1393 1528 1432 1597 in
1452 1530 1542 1598 fictis
1560 1533 1774 1615 numinibus,

453 1643 523 1707 sive
539 1640 584 1708 ad
602 1640 727 1707 horum
750 1638 930 1706 materiem
955 1640 1084 1727 spectes
1106 1636 1177 1703 sive
1198 1633 1242 1701 ad
1264 1636 1410 1702 termam
1434 1635 1566 1727 quippe
1589 1661 1696 1730 quam
1715 1661 1779 1707 nos

452 1769 516 1837 pro
530 1746 644 1815 lubitu
657 1744 727 1813 illis
740 1743 903 1812 indamus
924 1770 940 1804 e
957 1741 1093 1832 (Patr).

497 1858 548 1922 lta
561 1852 628 1920 sibi
646 1850 784 1944 paravit
798 1851 890 1917 viam
910 1848 954 1917 ad
970 1847 1150 1916 veritatem
1164 1846 1455 1931 annuntiandam,
1475 1869 1582 1937 quam
1602 1849 1676 1940 ipse
1691 1857 1779 1919 Deus

451 1958 522 2026 iam
536 1959 694 2026 emnium
704 1955 847 2025 auribus
860 1955 1052 2045 animisque
1066 1952 1188 2022 inferri
1200 1953 1299 2023 iubet
1308 1977 1342 2022 v.
1359 1961 1402 2023 30
1415 1966 1449 2022 et
1463 1966 1622 2045 tempora
1635 1956 1779 2047 quidem

452 2064 556 2131 leuius
579 2060 804 2154 ignorantiae
819 2059 1010 2150 despiciens
1034 2063 1147 2145 Deus‚·
1168 2060 1212 2127 cl.
1233 2061 1631 2153 1t,15;haeetemp0ra
1653 2065 1780 2132 erroris

453 2176 647 2252 aversatus,
668 2190 761 2237 nrcnc
776 2167 964 2235 annuntiat
978 2164 1190 2253 homiuibus,
1207 2177 1245 2233 ut
1259 2187 1373 2257 cornea
1387 2165 1514 2257 ubique
1524 2168 1780 2258 poenitentiam

452 2287 572 2367 ayant,
590 2290 765 2361 μετανοεῖν,
782 2278 822 2341 ut
834 2272 1035 2364 resipiscant
1053 2292 1133 2339 eum
1153 2271 1272 2340 dolore
1289 2271 1332 2340 de
1348 2273 1530 2358 anteactis3
1547 2273 1591 2343 de
1608 2276 1704 2344 vocis
1717 2299 1780 2345 no-

451 2384 544 2451 tione
557 2383 625 2451 hac
638 2380 716 2450 vide
737 2401 829 2471 quae
850 2380 966 2446 notavi
985 2380 1022 2447 in
1054 2382 1244 2447 Comment.
1272 2379 1388 2448 llatth.
1412 2380 1644 2471 lp.11'1.ad
1671 2404 1780 2473 quam

452 2487 732 2557 adhortationem
754 2485 962 2555 firmandam
985 2482 1126 2553 additur
1148 2484 1239 2553 ratio
1257 2507 1291 2552 r.
1309 2489 1349 2553 3¹
1370 2506 1410 2553 eo
1433 2483 1529 2576 quod
1546 2487 1671 2555 statuit
1683 2487 1778 2558 diem

452 2595 489 2662 in
503 2617 570 2686 quo
589 2591 873 2661 iudicaturusect
888 2593 1002 2660 orbem
1017 2591 1055 2658 in
1068 2590 1255 2681 aequitate,
1274 2589 1448 2680 proin,uti
1462 2595 1561 2662 Rom.
1578 2599 1670 2678 1,18,
1686 2594 1778 2663 iram

452 2701 508 2768 bei
522 2699 696 2780 minatur3
713 2697 882 2766 iudicium
907 2697 980 2764 lore
1004 2695 1088 2764 dicit
1107 2704 1137 2764 ἐν
1152 2704 1334 2786 saetacum
1355 2695 1456 2786 quale
1484 2696 1653 2768 iudicium
1668 2701 1778 2788 igitur

450 2805 631 2874 immineat
644 2804 855 2886 idololatris,
872 2803 938 2872 nisi
955 2802 1090 2890 egerint
1111 2801 1370 2892 poenitentiam,
1391 2801 1473 2871 satis
1486 2825 1526 2872 ex
1538 2805 1776 2875 antecedenti·

450 2911 515 2980 bus
527 2911 715 3000 colligitur,
732 2909 859 3001 quibus
873 2916 1046 2978 ostensum
1060 2913 1128 2991 cst,
1143 2929 1248 2998 quam
1261 2906 1364 2996 longe
1383 2907 1557 2997 ignoratio
1569 2913 1627 2979 Dei
1647 2917 1682 2979 et
1698 2911 1776 2982 ido-

451 3017 586 3086 lolatria
609 3039 632 3085 a
654 3037 778 3084 norma
800 3016 873 3083 veri
894 3038 935 3083 ac
959 3013 1044 3083 recti
1067 3013 1206 3083 recedat
1233 3019 1268 3082 et
1296 3012 1425 3082 bomini
1448 3014 1581 3085 ratione
1606 3021 1717 3086 utenti
1736 3021 1775 3088 in

451 3122 681 3212 ignominiam
701 3127 736 3190 et
753 3121 893 3212 eulpam
914 3125 1080 3188 vertatur.
1097 3118 1174 3188 [ties
1191 3119 1308 3211 itaque
1324 3117 1402 3187 telis
1413 3119 1536 3189 iudicii
1555 3122 1626 3191 iam
1642 3126 1773 3194 consti·

449 3236 543 3298 tutus
556 3237 618 3298 est.
638 3228 805 3298 ludicium
819 3233 932 3296 autem
994 3234 1006 3294 t
1025 3248 1088 3317 per
1107 3231 1236 3307 lesum;
1252 3224 1345 3295 unde
1359 3225 1397 3295 in
1415 3225 1489 3295 cire
1505 3228 1564 3315 (el.
1584 3236 1600 3296 1
1619 3234 1696 3302 Cor.
1714 3239 1773 3314 63

451 3335 489 3403 in
503 3334 825 3404 vobisiudicabitur
846 3334 1024 3415 mundus,
1054 3331 1157 3400 simul
1178 3332 1368 3424 explicatur
1385 3331 1509 3402 intima
1527 3334 1603 3403 eius
1627 3336 1711 3421 viri,
1734 3338 1772 3407 in

450 3464 519 3532 quo
531 3441 844 3510 Deusindieaturus
857 3445 924 3524 est,
938 3461 1017 3507 cum
1035 3442 1102 3507 Deo
1121 3438 1205 3507 unio
1225 3460 1265 3508 ac
1280 3438 1474 3521 consensio,
1492 3439 1530 3509 in
1553 3464 1622 3533 quo
1649 3446 1772 3512 statuit

451 3557 481 3616 tv
497 3544 617 3638 ἁνερὶῷ
634 3552 739 3637 ὥρισεν
757 3568 861 3638 quem
880 3547 1014 3629 statuit,
1033 3544 1208 3614 constituit
1226 3546 1354 3635 (luti)
1372 3545 1415 3613 ad
1433 3545 1500 3615 boe
1514 3547 1715 3635 destinarit3
1736 3560 1770 3620 et

449 3654 544 3722 hune
558 3654 670 3721 virum
688 3655 789 3721 abeo
812 3674 886 3721 esse
913 3651 1159 3744 approbatum,
1173 3649 1277 3741 fidem
1289 3652 1457 3742 praeiens
1479 3653 1640 3724 omnibus
1658 3659 1770 3726 cresci·

451 3772 527 3828 tans
548 3782 628 3828 eum
648 3782 670 3828 a
689 3758 836 3827 mortuis
878 3759 961 3826 huic
983 3764 1069 3826 bens
1093 3756 1186 3849 apud
1217 3779 1335 3825 omnes
1357 3756 1458 3828 tidem
1486 3760 1584 3845 lucit,
1608 3764 1771 3833 omnibus

451 3869 706 3956 persuasionem
719 3870 849 3933 certam
859 3865 1068 3933 demonstrat
1080 3863 1180 3933 illum
1195 3886 1267 3933 csse
1280 3864 1499 3934 constitutum
1511 3865 1676 3951 iudicem,
1688 3872 1771 3960 quia

450 3993 528 4039 eum
545 3993 566 4040 a
581 3970 725 4039 mortuis
738 3973 924 4040 suscitavit.
944 3974 1033 4058 Ergo
1056 3970 1113 4038 hic
1127 3993 1266 4063 quoque
1282 3970 1482 4039 resurrectio
1499 3978 1679 4065 tamquam
1696 3999 1772 4045 eer-
1843 3993 1845 3997 ’

449 4076 620 4146 tissimum
639 4099 704 4168 pro
719 4081 794 4145 lesu
812 4075 971 4145 missione
990 4074 1233 4143 documentum
1250 4076 1435 4167 protertur.

494 4189 545 4252 lta
558 4185 732 4274 apestolus
748 4183 819 4252 iam
839 4181 882 4250 de
906 4187 978 4250 lesu
1003 4186 1177 4250 servatore
1200 4202 1392 4252 sermonem
1412 4182 1541 4254 interra
1560 4189 1683 4259 voluit.
1712 4197 1773 4262 t'e·

451 4313 527 4358 rum
541 4291 600 4383 qui
616 4312 696 4359 eum
711 4287 917 4373 audiebant,
939 4288 1113 4357 mentione
1127 4288 1232 4380 plane
1245 4289 1333 4357 mira
1347 4291 1575 4363 suscitationis
1590 4318 1612 4363 a
1626 4299 1774 4369 mortuis

449 4397 536 4464 adeo
553 4397 800 4488 percelluntur,
820 4400 857 4463 ut
878 4395 1078 4485 loquentem
1096 4395 1352 4487 interrumpant
1367 4418 1400 4464 v.
1426 4402 1470 4464 32
1494 4420 1573 4467 cum
1595 4401 1774 4474 arediumt

449 4513 564 4570 aretem
572 4503 854 4573 resurrectionem
864 4514 1089 4587 ntortuorum,
1103 4499 1250 4593 quidam
1261 4500 1398 4592 quidem
1411 4501 1615 4593 irridebam,
1626 4510 1773 4600 quidam

450 4630 529 4675 vero
543 4607 705 4679 dicebaut
718 4632 732 4678 .·
745 4607 928 4677 audiemus
947 4606 1035 4675 tede
1051 4608 1115 4676 troc
1137 4607 1262 4676 iterum
1270 4628 1285 4693 ;
1300 4608 1361 4676 alii
1375 4630 1454 4678 eum
1473 4610 1699 4700 deridebant,
1715 4618 1775 4687 alii

451 4714 618 4783 urbanius
635 4714 673 4782 id
694 4721 839 4803 agentes
862 4714 1047 4785 dicebant:
1068 4713 1251 4783 audiemus
1270 4721 1305 4784 te
1319 4714 1403 4784 alias
1427 4717 1493 4786 hac
1511 4717 1555 4788 da
1570 4742 1609 4790 re
1630 4722 1774 4814 (Beet.);

388 4840 393 4849 ·
449 4819 557 4889 simili
568 4802 672 4889 modo
687 4820 1063 4891 auditaresurreetione
1076 4826 1292 4889 mortuorum
1307 4825 1421 4890 Festus
1431 4822 1599 4895 exclamat
1615 4828 1774 4914 :insania
