4092 5490
112 262 118 269 ’
246 305 306 366 aco
521 285 524 291 ’
783 316 850 371 nr.
876 285 1045 380 elaeae..
1138 260 1142 267 ⁸

245 452 338 543 apud
354 453 516 543 profanos
531 455 648 531 vocari
673 455 805 533 solebat
819 468 841 540 ,ἡ
866 419 1042 537 cimonem,
1063 452 1161 518 orbis
1177 456 1351 516 terrarum
1376 449 1469 541 (vide
1483 473 1572 541 quae

244 556 315 626 dixi
337 558 384 627 ad
405 567 483 630 Luc.
509 561 595 652 2,1).
619 566 800 650 perperam
824 557 971 646 explicat
998 554 1124 623 Wendt
1147 551 1301 643 praedici
1330 554 1460 620 famem
1483 578 1573 645 quae

241 686 311 735 uno
325 666 515 758 eodemque
532 674 688 756 tempore
704 683 842 732 omnem
859 664 1005 751 occupet
1022 665 1169 740 terram3
1189 679 1311 728 verum
1318 681 1359 726 ex
1376 657 1479 726 modo
1495 682 1573 748 pro

242 774 381 862 phetico
393 772 558 862 loquendi
571 772 641 837 iam
655 770 801 857 aprione
815 772 946 835 constat
957 766 1156 834 nullatenus
1169 765 1264 833 hunc
1273 786 1412 833 sensum
1425 763 1571 856 requiri3

245 878 307 946 sed
327 879 439 946 solum
459 874 632 943 enuntiari
656 874 785 940 famem
801 871 840 940 in
861 871 992 941 ditione
1014 893 1181 953 romaua;
1206 877 1325 941 uuum
1352 873 1438 968 haec
1466 873 1574 940 sames

244 983 366 1068 eodem
377 988 530 1068 tempore
539 983 647 1047 totam
662 985 871 1070 occupatura
884 978 928 1048 sit
941 974 1135 1067 regionem,
1147 997 1193 1045 an
1202 978 1271 1044 alio
1282 981 1439 1067 tempore
1451 978 1569 1062 aliam,

23 1142 26 1149 ⁴
126 1104 128 1107 ’
244 1109 357 1178 neque
381 1083 575 1152 affirmatur
594 1107 706 1176 neque
731 1091 891 1174 negatur.
916 1084 1107 1176 Prophetae
1130 1083 1221 1150 enim
1245 1100 1288 1149 ea
1318 1103 1458 1172 quoque
1482 1106 1571 1173 quae

247 1198 402 1281 tempore
417 1188 567 1275 discreta
586 1196 666 1259 sunt
688 1214 791 1282 saepe
814 1214 884 1259 una
901 1191 1093 1279 eademque
1118 1187 1273 1268 dictione
1294 1186 1573 1278 complectuntur

204 1370 208 1377 ,
248 1297 314 1386 (οἱ.
326 1294 483 1388 Cornely,
506 1296 635 1367 lntrod.
652 1302 681 1378 ll
694 1303 715 1364 2
728 1320 764 1387 p.
778 1303 844 1365 298
855 1295 954 1385 seq.).

292 1405 398 1481 Quam
423 1402 695 1494 praedictionem
721 1402 819 1470 addit
849 1405 955 1469 Lucas
979 1406 1136 1491 tempore
1160 1401 1293 1468 Claudii
1317 1400 1468 1473 Caesaris
1502 1421 1573 1467 esse

247 1515 371 1577 eventu
390 1507 573 1599 probatam
596 1529 605 1576 τ
627 1528 715 1597 quae
729 1507 836 1574 tames
847 1507 943 1596 suctu
967 1501 1094 1574 'est'sub
1116 1504 1573 1595 claudimpraedictioita-

245 1638 313 1706 que
327 1615 417 1682 sacta
427 1612 599 1691 indicatur
611 1610 676 1680 sub
691 1611 846 1700 Caligula
858 1611 914 1679 vel
926 1617 1040 1679 antea.
1057 1616 1104 1679 lte
1117 1633 1187 1701 qua
1201 1632 1360 1701 annonae
1376 1612 1520 1680 caritate
1535 1613 1572 1679 in

246 1719 371 1788 ludaea
387 1716 452 1786 sub
473 1716 615 1787 Claudio
632 1717 728 1799 varia
753 1717 859 1801 refert
872 1716 1037 1808 Iosephus
1052 1716 1182 1808 (Antiq.
1208 1722 1347 1801 3‚15,3;
1364 1724 1406 1798 ὡς
1422 1723 1572 1805 τεσσάρων

245 1832 386 1914 δραχμῶν
398 1833 563 1894 πωλεῖσθαι
573 1834 622 1895 τὸν
635 1827 808 1914 ἀσσάρωνα,
826 1828 943 1907 20‚2,5
957 1830 991 1892 et
1005 1828 1127 1908 20,5‚2
1141 1823 1273 1890 misisse
1297 1822 1461 1915 Helenam
1482 1823 1572 1910 regi-

222 2013 227 2023 ·
244 1952 325 1998 nam
339 1929 552 1999 trumentum
565 1952 604 1998 ex
616 1928 805 2021 Aegypto);
824 1928 867 1996 de
882 1950 1041 1997 annonae
1055 1928 1201 1996 caritate
1213 1928 1253 1996 in
1265 1926 1414 2019 imperio
1426 1949 1572 1996 romano

248 2037 351 2105 etiam
374 2034 511 2127 profani
538 2040 698 2118 narrant3
718 2034 768 2104 ita
788 2034 973 2103 Suetonius
996 2033 1102 2103 refert
1122 2034 1166 2102 de
1192 2033 1338 2102 arctiore
1362 2054 1502 2103 annona
1527 2034 1572 2103 ob

248 2141 400 2227 assiduas
427 2132 624 2210 ste1ilitates
652 2140 827 2229 (Claudius
855 2142 923 2229 18),
952 2140 1088 2230 Tacitus
1115 2140 1161 2210 de
1184 2141 1328 2228 tragum
1360 2147 1511 2229 egestate
1539 2147 1573 2208 et

250 2254 324 2316 orta
347 2271 387 2315 ex
406 2270 448 2317 ea
468 2248 559 2315 same
582 2246 717 2337 (Annal.
746 2247 878 2337 luta),
898 2247 964 2315 Dio
991 2245 1130 2317 Cassius
1146 2256 1244 2334 ’λιμοῦ
1264 2250 1572 2342 ἱσχυροῡῄγενομένου

249 2353 539 2444 (60,11)‚Sextus,
561 2351 724 2421 Aurelius
753 2350 868 2422 Victor
887 2352 1008 2420 scribit
1030 2353 1074 2420 de
1086 2374 1248 2421 annonae
1269 2358 1422 2441 egestate
1442 2354 1572 2443 pariter

246 2459 311 2529 sub
326 2458 466 2529 Claudio
479 2458 536 2548 (de
559 2458 774 2542 Caesaribus,
790 2480 866 2549 cap.
892 2457 948 2551 ‘ii
965 2459 1009 2527 de
1021 2459 1115 2526 fame
1132 2458 1169 2526 in
1189 2458 1332 2526 Graecia
1350 2464 1427 2526 orta
1441 2459 1572 2526 mentio

246 2560 295 2635 est
309 2566 405 2657 apud
416 2563 602 2633 Eusebium
613 2564 651 2632 in
665 2564 826 2632 chronico
840 2562 994 2631 versione
1009 2585 1153 2632 armena
1165 2569 1200 2632 et
1208 2563 1304 2654 apud
1319 2564 1571 2655 Hieronymum

248 2672 305 2761 (of.
331 2670 497 2757 Schoene,
523 2668 659 2755 Eusebii
685 2669 878 2739 Chronicon
900 2674 928 2738 ll
946 2692 983 2760 p.
1010 2676 1086 2739 152.
1116 2676 1180 2741 153
1212 2671 1384 2739 :modius
1402 2693 1493 2739 unus
1515 2694 1573 2739 sex

245 2776 457 2846 didrachmis
470 2775 708 2863 venumdatus)
724 2775 801 2844 vide
814 2781 992 2868 praeterea
1004 2777 1130 2845 Euseb.
1148 2776 1234 2850 h.,e.
1253 2782 1334 2859 2,12
1352 2776 1414 2866 (M.
1431 2777 1570 2866 29195)

246 2889 280 2951 et
297 2881 454 2952 Orosium
472 2888 530 2966 7,6
549 2882 611 2973 (M.
636 2880 810 2973 31,10·15).
833 2886 936 2949 Porro
950 2902 1021 2949 non
1046 2903 1135 2973 opus
1156 2887 1222 2966 est,
1240 2887 1280 2949 ut
1299 2881 1339 2950 in
1362 2904 1570 2972 unaquaque

248 2989 389 3077 regione
404 2989 510 3056 sames
528 2992 604 3056 orta
621 2986 683 3073 sit3
699 2980 807 3079 quare
817 2987 992 3055 immerito
1006 2985 1156 3056 Sciurer
1168 2985 1289 3056 obiicit
1308 2994 1428 3057 contra
1441 2994 1572 3056 textum

248 3095 286 3186 (l.
306 3116 336 3166 o.
358 3098 418 3184 lp.
442 3099 506 3163 tat
525 3099 560 3162 et
575 3097 638 3163 tm
658 3090 978 3181 ungeschichtliche
999 3092 1297 3181 Generalisirung‚
1317 3094 1422 3162 asseri
1442 3095 1571 3162 famam
1687 3118 1691 3123 ·

245 3202 281 3270 in
298 3200 456 3269 universa
470 3206 563 3269 terra
582 3204 706 3267 contra
719 3198 824 3267 fidem
839 3197 1019 3284 historiam
1036 3198 1276 3289 Ausdehnung
1290 3199 1380 3268 uber
1394 3199 1450 3267 die
1462 3223 1571 3289 ganza

247 3305 338 3375 Welt
355 3307 459 3375 asseri
473 3305 706 3375 extensionem
725 3289 770 3373 in'
781 3303 981 3373 universum
997 3304 1197 3394 mundum).

291 3417 417 3480 Verum
438 3399 620 3504 perperam
637 3410 806 3480 affirmari
826 3414 861 3478 et
887 3409 1010 3480 eodem
1025 3411 1269 3500 temporeforc
1293 3412 1420 3480 samem
1437 3419 1471 3479 et
1496 3435 1570 3481 om·

248 3540 328 3588 nem
352 3540 394 3586 ea
413 3517 578 3597 afflictum
598 3516 643 3586 iri
663 3518 843 3607 regionem
863 3520 1023 3607 poterant
1045 3514 1111 3584 viri
1133 3516 1245 3584 critici
1262 3517 1378 3585 statim
1398 3517 1515 3586 videre
1530 3520 1572 3608 (si

248 3625 341 3716 apud
362 3646 500 3693 sacrum
522 3629 697 3692 auctorem
719 3624 848 3691 vellent
871 3621 989 3690 videre
1007 3621 1046 3690 id
1064 3623 1160 3713 quod
1176 3622 1325 3691 maxime
1342 3625 1571 3714 reprehende-

247 3738 336 3813 rent,
362 3729 391 3798 si
414 3729 493 3820 quis
512 3729 606 3820 apud
628 3730 814 3821 profanum
834 3749 904 3796 non
924 3725 1067 3816 uideret)
1086 3749 1128 3795 ex
1145 3751 1180 3797 v.
1201 3734 1259 3797 29.
1280 3735 1340 3811 303
1357 3752 1436 3799 uam
1454 3731 1483 3799 si
1503 3753 1571 3799 uno

132 3918 139 3932 .
246 3838 438 3926 eodemque
465 3841 621 3926 tempore
648 3835 780 3926 ubique
805 3834 913 3903 fames
938 3833 1134 3918 exstitisset,
1167 3833 1237 3924 ipsi
1268 3836 1472 3905 Antiocheni
1500 3860 1570 3905 nou

245 3941 443 4012 habuissent
465 3962 554 4033 quae
575 3939 768 4022 mitterent;
792 3939 989 4009 debuissent
1006 3939 1168 4008 fidelibus
1186 3940 1257 4010 suis
1271 3943 1485 4033 prospicere,
1501 3966 1571 4011 non

244 4047 286 4115 iis
309 4052 460 4116 vacasset
479 4047 516 4114 in
542 4046 772 4138 longinquam
796 4046 931 4116 mittere
949 4044 1106 4114 subsidia
1127 4046 1325 4135 regionem
1348 4072 1381 4116 v.
1403 4055 1446 4116 29
1470 4048 1572 4116 disci·

244 4152 323 4246 puli
346 4165 460 4222 autem
477 4166 586 4244 prout
606 4153 687 4244 quis
709 4152 869 4238 babebat,
893 4152 992 4234 καθὼς
1013 4157 1170 4243 εὖπορεϊτὸ
1189 4182 1248 4237 τις,
1272 4160 1377 4243 prout
1395 4156 1472 4245 quis
1490 4178 1572 4245 opes

247 4259 415 4343 habebat,
437 4282 501 4351 pro
519 4259 651 4327 ratione
667 4260 872 4328 facultatum
886 4281 945 4327 seu
964 4258 1192 4349 pecuniarum
1207 4280 1294 4348 quas
1308 4259 1477 4345 habebat,
1488 4283 1572 4352 pro-

241 4358 436 4458 posuerunt
460 4362 596 4456 sinquli
620 4364 657 4433 in
684 4365 916 4434 ministerium
942 4364 1077 4434 mittere
1109 4362 1346 4433 babitantibus
1375 4366 1413 4434 in
1441 4367 1573 4438 Iudaeo

245 4473 435 4563 frati-imm
453 4474 540 4541 haec
571 4471 662 4539 facta
690 4477 772 4540 sunt
799 4477 873 4539 tum
900 4493 980 4547 cum
1009 4475 1085 4540 erat
1114 4471 1240 4555 fames,
1265 4494 1334 4539 non
1364 4474 1470 4567 annis-
1492 4482 1572 4544 unte

126 4584 132 4591 “
250 4580 306 4671 (ol.
322 4579 414 4649 Beel.
431 4579 520 4670 Bl.);
537 4574 634 4670 quod
645 4589 678 4645 et
687 4579 857 4668 fecerunt,
869 4577 1044 4647 mittentes
1054 4573 1104 4645 ad
1112 4575 1265 4646 seniores
1274 4600 1339 4670 per
1349 4601 1473 4678 monus
1486 4585 1571 4651 Boi·-

250 4690 360 4755 nabue
387 4699 420 4755 et
444 4685 567 4772 Souli,·
589 4695 664 4774 epte
691 4691 761 4766 τοὺς
788 4693 1018 4776 spectantem,
1048 4682 1244 4775 presbyteri
1272 4689 1572 4760 constituebantur
