4128 5442
895 317 934 363 ur
954 317 1106 367 sussrous
1128 322 1428 370 inrumnmnrronrs.
1462 369 1466 375 ,
1786 309 1824 368 19

498 452 618 535 fuisse,
640 443 705 520 etsi
723 456 837 542 potest
858 452 927 521 dici
944 477 1017 523 non
1042 456 1143 524 facile
1164 477 1371 545 quemquam
1394 477 1481 544 opus
1499 476 1568 521 non
1592 477 1734 544 prorsus
1752 459 1824 526 sine

498 558 658 627 molestie
674 581 739 626 nec
759 559 972 631 fructuosum
991 561 1046 629 vel
1069 562 1152 628 utile
1173 561 1342 652 suscipere
1361 560 1519 628 voluisse.
1541 559 1609 628 Sed
1627 560 1697 629 elia
1715 564 1826 632 oritur

498 667 684 754 vinminor
698 665 883 752 difficultas
897 691 905 734 :
923 690 994 757 qua
1007 668 1099 736 enim
1111 666 1170 734 ille
1183 667 1315 735 ratione
1329 673 1389 735 eut
1403 667 1529 758 quibus
1542 667 1676 736 artibus
1688 668 1825 737 efficere
1960 750 1962 754 λ

385 834 402 863 Α,
497 773 628 863 potuit,
646 776 684 839 ut
702 794 782 840 mox
796 773 957 842 mutilato
973 771 1054 839 libri
1065 773 1178 842 formo
1192 775 1228 841 in
1243 776 1396 842 omnium
1415 796 1527 865 paene
1543 775 1705 842 menibus
1719 782 1824 859 esset,

498 880 639 966 integro
651 878 689 946 in
707 880 921 971 paucorum?
940 916 985 929 -
997 884 1066 948 lem
1085 879 1194 969 igitur
1207 881 1292 972 quid
1308 879 1527 971 relinquitur,
1546 880 1613 947 nisi
1633 888 1669 948 ut
1688 881 1731 948 ed
1745 905 1826 949 auc·

498 989 609 1053 terem
624 987 737 1077 ipsum
754 988 939 1074 utramque
957 986 1106 1056 formem
1126 989 1333 1056 referemus?
1347 987 1386 1055 Ei
1403 1008 1528 1077 nempe
1549 1007 1663 1076 neque
1683 987 1828 1055 facultas

499 1091 617 1161 deesse
637 1095 773 1183 poterut
790 1112 904 1181 neque
920 1093 1096 1175 voluntale,
1120 1093 1149 1161 si
1169 1093 1310 1182 quidem
1328 1092 1383 1159 his
1400 1092 1529 1159 librum
1551 1114 1652 1160 suum
1672 1093 1824 1184 scripsit3

500 1221 603 1266 nemo
624 1197 719 1265 enim
742 1196 809 1265 hoc
822 1220 902 1267 cum
922 1199 1005 1268 tecit
1021 1199 1065 1267 ad
1087 1198 1231 1266 verbum
1252 1220 1314 1267 sue
1335 1196 1529 1266 describere
1549 1199 1651 1282 solet,
1668 1198 1729 1267 scd
1748 1222 1826 1291 pes·

501 1306 566 1373 sim
587 1309 723 1371 mutare
743 1305 960 1397 maximeque
984 1306 1142 1373 omittere
1164 1327 1251 1396 quae
1276 1326 1486 1397 supervacuo
1507 1304 1692 1373 videantur
1717 1334 1733 1368 n
1757 1306 1825 1395 (ed.

499 1410 589 1502 phil.
610 1432 645 1501 p.
664 1410 734 1500 31).
749 1404 861 1480 Hebes
873 1414 992 1503 itaque
1007 1434 1095 1503 quoe
1109 1410 1147 1479 in
1160 1410 1354 1480 diversitate
1369 1411 1430 1479 illa
1440 1410 1619 1500 ,expendas
1632 1417 1770 1502 opertet
1783 1413 1828 1479 od

500 1516 707 1586 sententiam
722 1518 986 1586 efformsndom.

547 1627 586 1690 Et
610 1621 653 1690 de
671 1622 831 1714 loparde
845 1623 987 1715 quidem
1011 1625 1081 1694 iem
1107 1647 1198 1693 anno
1222 1631 1307 1694 1857
1326 1624 1393 1692 hoe
1410 1624 1489 1692 tulit
1506 1623 1677 1692 iudicium
1701 1648 1709 1691 :
1730 1651 1747 1687 «
1764 1625 1827 1692 du-

501 1731 601 1798 bium
622 1752 697 1798 csse
713 1729 811 1798 nullo
826 1730 931 1799 modo
945 1737 1057 1823 potest
1075 1731 1158 1822 quin
1178 1732 1216 1799 in
1232 1730 1348 1799 codice
1362 1730 1623 1819 evangeliorum
1638 1736 1673 1798 et
1687 1737 1829 1799 ortuum

501 1836 774 1924 eantabrigiensi
791 1843 925 1906 servata
938 1839 1066 1906 sitnon
1086 1837 1225 1929 quidem
1243 1859 1366 1905 monus
1379 1838 1627 1928 apostolorum,
1647 1839 1709 1905 sed
1723 1838 1828 1906 editio

500 1965 590 2035 quae
616 1942 879 2011 emendatorum
906 1944 1176 2013 orthodoxorum
1199 1943 1390 2012 temeritate
1418 1950 1580 2033 corrupto
1604 1966 1673 2011 non
1698 1951 1785 2012 esset
1810 1971 1826 2007 s

501 2050 561 2141 (cl.
579 2049 711 2131 Nestle,
730 2049 922 2138 Philologia
936 2071 1049 2130 sacro,
1067 2050 1178 2120 Berlin
1197 2057 1293 2134 1896,
1310 2074 1344 2141 p.
1363 2050 1410 2140 6).
1428 2055 1536 2141 Atque
1549 2049 1587 2116 id
1603 2050 1715 2118 effecit
1731 2050 1828 2118 Blass

501 2179 564 2226 sua
591 2155 834 2247 inquisitione,
851 2161 890 2225 ut
912 2156 981 2225 iam
1000 2157 1102 2225 multi
1124 2158 1306 2241 fateantur,
1328 2156 1482 2225 codicem
1509 2156 1609 2223 illum
1635 2161 1661 2222 [ι
1686 2157 1829 2224 minime

501 2285 575 2332 esse
590 2261 876 2351 negligendum,
900 2285 1022 2331 verum
1048 2263 1170 2332 sedulo
1198 2262 1316 2354 potius
1344 2262 1595 2353 explorandum
1627 2263 1829 2331 examinen-

501 2369 656 2460 dumque
670 2369 786 2460 priore
800 2375 1001 2460 contemptu
1015 2392 1083 2460 quo
1097 2368 1291 2438 hebebatur
1304 2370 1440 2437 reiecto.

837 2614 877 2666 V.
896 2639 934 2652 -
950 2613 1000 2665 De
1015 2611 1178 2665 subsidite
1190 2611 1491 2677 interpretationis.

545 2799 702 2869 Narratio
716 2802 862 2866 hctuum
880 2795 961 2864 setis
976 2795 1121 2888 simplex
1141 2803 1175 2863 et
1194 2796 1297 2886 plena
1316 2794 1487 2862 veteribus
1506 2795 1577 2862 vise
1596 2800 1657 2862 est.
1677 2794 1771 2862 Unde
1790 2797 1826 2862 iu

501 2929 543 2975 es
561 2903 780 2997 explanando
799 2902 897 2972 houd
914 2901 1062 2970 multum
1080 2901 1294 2969 laborarunt.
1309 2900 1443 2968 Primus
1457 2902 1528 2968 eius
1549 2901 1759 2969 narrationis
1775 2902 1827 2968 in-

500 3019 634 3104 terpres
652 3008 889 3079 nominandus
907 3014 959 3077 est
980 3009 1019 3078 S.
1045 3006 1301 3097 chrysostomus
1326 3007 1436 3096 (Chr.)
1462 3007 1582 3097 quiin
1606 3015 1649 3076 55
1675 3007 1827 3074 homiliis

500 3124 631 3188 textum
643 3117 815 3209 percurrit
826 3116 908 3184 sotis
921 3116 1074 3183 breviter
1087 3114 1303 3202 longioribus
1317 3113 1608 3181 admonitionibus
1620 3121 1654 3180 et
1671 3114 1825 3204 applice-

500 3224 653 3294 tionibus
666 3223 819 3292 adiectis.
837 3222 874 3291 ld
894 3221 1000 3291 habet
1013 3220 1199 3310 singulare,
1219 3228 1254 3288 ut
1265 3221 1381 3310 aliqua
1393 3219 1548 3307 longiore
1563 3226 1662 3311 parte
1673 3221 1824 3310 exposita

501 3331 548 3401 ad
562 3332 680 3423 priora
694 3329 764 3398 alio
779 3328 883 3398 modo
897 3328 1084 3419 repetenda
1100 3334 1251 3395 recurrat
1268 3351 1276 3395 ι
1295 3357 1310 3385 «
1328 3327 1388 3394 sed
1404 3329 1582 3416 superiora
1597 3336 1792 3417 repetamus
1808 3359 1822 3386 n

500 3438 579 3508 ἀλλ’
595 3446 705 3522 ἴδωμεν
718 3445 831 3506 ἄνωθεν
845 3439 883 3506 τὰ
893 3439 1047 3525 εἰρημένα.
1065 3433 1130 3502 Sed
1146 3434 1230 3501 haee
1248 3435 1320 3500 eius
1335 3433 1576 3500 commentatio
1589 3433 1681 3500 inter
1697 3436 1824 3523 scripta

500 3545 575 3615 eius
594 3542 771 3632 exegetica
793 3541 914 3609 intimo
936 3541 1010 3609 loco
1026 3539 1089 3608 erit
1108 3540 1270 3631 ponendo
1285 3541 1344 3629 (tl.
1362 3543 1574 3627 ue‚13-38t).
1597 3545 1667 3607 lluc
1687 3562 1825 3630 quoque

501 3651 679 3744 pertinent
706 3653 872 3740 quattuor
894 3647 1058 3715 homiliae
1082 3668 1090 3716 ι
1118 3646 1154 3715 in
1179 3646 1265 3714 illud
1292 3668 1299 3714 :
1323 3647 1443 3713 Saulus
1466 3645 1579 3713 adhue
1601 3647 1736 3737 spirans
1757 3655 1821 3714 ete.

500 3758 592 3827 etde
609 3758 801 3824 mutatione
814 3754 994 3822 nominum
1015 3755 1077 3844 (M.
1092 3761 1146 3836 51,
1167 3759 1228 3821 113
1244 3754 1346 3843 seq.).
1364 3759 1447 3821 Eum
1467 3753 1546 3819 setis
1560 3775 1673 3843 presse
1689 3760 1824 3822 secutus

500 3871 550 3934 est
579 3861 806 3932 oecumenius
832 3860 960 3952 (Ore),
986 3863 1032 3930 M.
1058 3865 1279 3941 11839-3083
1306 3860 1378 3927 eins
1395 3859 1580 3927 sententias
1602 3882 1743 3948 quoque
1771 3883 1824 3927 ex·

499 3969 622 4064 primit
647 3966 919 4059 Theoptytacue
954 3964 1160 4058 (Thespia),
1184 3967 1280 4033 cuius
1305 3964 1394 4031 duae
1422 3964 1648 4053 expositiones
1669 3973 1823 4055 prostent

500 4081 548 4148 Μ.
570 4080 717 4159 tibullo
729 4096 801 4165 seq.
815 4081 851 4143 ct
870 4079 937 4144 850
955 4096 1028 4164 seq.
1048 4094 1171 4161 graece
1192 4079 1226 4140 et
1246 4071 1351 4139 latine
1368 4079 1470 4160 atquc
1490 4071 1592 4138 tertia
1610 4078 1692 4139 1061
1711 4073 1824 4139 solum

501 4206 644 4275 graece,
666 4204 757 4274 quae
778 4180 881 4250 tertis
894 4179 1037 4250 tandem
1054 4203 1094 4249 ex
1107 4179 1240 4248 duobus
1258 4178 1430 4269 prioribus
1445 4179 1646 4268 plerumque
1667 4187 1719 4246 est
1742 4202 1823 4246 con-

501 4291 594 4360 flatu.
623 4295 662 4359 ln
689 4293 810 4358 catena
834 4309 1038 4376 graecorum
1064 4293 1202 4355 Petrum
1228 4285 1265 4352 in
1283 4292 1380 4369 heta,
1404 4306 1506 4376 quam
1533 4285 1641 4353 edidit
1669 4288 1822 4372 Cramer,

503 4397 624 4468 Oxonii
643 4403 742 4482 lsstt,
756 4395 946 4465 sententiae
968 4400 1003 4463 et
1020 4393 1242 4485 expositiones
1263 4393 1456 4460 referuntur
1475 4392 1663 4473 Ammonii,
1681 4391 1826 4460 alicuius

503 4503 693 4594 Anonymi,
713 4501 943 4596 Apollinaris,
964 4500 1115 4585 Arsenii,
1137 4500 1326 4583 Athanasii,
1349 4498 1479 4581 Basilii,
1497 4499 1730 4586 chrysostomi
1755 4498 1825 4588 (qui

488 4596 611 4700 'longe
631 4610 784 4702 plurime
807 4607 1068 4702 suppeditavit),
1090 4606 1271 4676 Clementis
1293 4606 1380 4674 alex.
1404 4606 1537 4694 cyrilli,
1558 4599 1724 4692 Dionysii,
1746 4604 1826 4695 npif

503 4716 639 4811 phanii,
657 4715 800 4801 tredaci,
813 4715 1014 4786 isidori-etc.
1026 4719 1091 4784 ete.
1103 4719 1196 4783 lnter
1210 4713 1332 4782 latinos
1342 4717 1585 4781 commemoret
1598 4711 1829 4781 Cassiodorius
