4054 5442
1008 356 1073 400 scr.
1097 337 1252 408 imi-20.
1650 369 1654 373 ¹
1733 344 1792 405 433

461 495 586 559 Cursus
599 492 697 559 navis
712 498 788 559 erat
809 488 1056 566 retardandus;
1075 484 1119 554 ad
1142 485 1208 553 hoc
1230 484 1404 553 attendere
1419 493 1554 576 oportet
1568 490 1662 578 quod
1688 490 1795 560 babet

463 597 557 667 Beda
572 597 785 666 :trahebant
798 601 917 662 autem
930 597 965 660 et
975 592 1146 660 anchoras
1157 591 1317 659 timentes
1328 613 1370 659 ne
1383 602 1602 660 occurrerent
1616 596 1653 662 in
1668 605 1789 684 syrtes.

462 702 638 783 Quomodo
655 702 722 768 boc
737 698 1007 787 intelligendum
1027 699 1087 783 sit,
1106 697 1223 786 colligi
1242 703 1353 788 potest
1371 721 1411 766 ex
1430 699 1584 765 versione
1604 721 1707 788 quam
1725 704 1791 771 ha-

461 808 522 875 bet
541 808 605 894 gig
621 828 630 875 :
647 828 691 873 ne
707 807 743 872 in
766 813 902 894 syrtcm
931 804 1178 887 incideremus,
1195 825 1255 870 vas
1275 802 1450 893 quoddam
1471 802 1676 872 dimiserunt
1695 810 1789 895 quod

429 904 432 909 ’
461 912 627 980 traheret.
643 915 752 989 Quam
767 911 1038 1003 explicationem
1056 910 1159 977 etiam
1179 910 1347 998 Breusiuq
1364 910 1558 999 proposuit,
1576 933 1789 1002 quamquam

461 1039 533 1085 non
551 1022 698 1086 noverat
713 1018 809 1109 quod
821 1018 914 1085 Beda
928 1025 963 1085 ct
977 1017 1041 1103 gig
1055 1010 1200 1097 habent;
1218 1035 1295 1081 cam
1309 1014 1478 1104 approbat
1492 1015 1545 1082 Bl.
1556 1037 1570 1080 :
1585 1044 1602 1078 e
1614 1040 1701 1107 opus
1718 1024 1792 1087 erat

337 1122 339 1125 ’
461 1132 501 1189 ut
513 1123 754 1192 retardaretur
769 1123 800 1191 is
818 1145 955 1203 cursus,
972 1120 1067 1211 quod
1079 1120 1215 1187 efficere
1237 1119 1393 1188 solebant
1417 1121 1558 1214 funibus
1578 1143 1600 1188 a
1621 1124 1732 1214 puppi
1753 1124 1789 1191 in

464 1251 559 1298 marc
574 1229 731 1298 demissis
745 1227 791 1298 ad
801 1250 887 1319 quos
897 1228 1088 1295 destinatae
1098 1233 1195 1294 erant
1208 1226 1263 1294 vel
1275 1248 1419 1294 ancorae
1431 1227 1484 1294 vel
1494 1227 1649 1314 glomere
1660 1249 1789 1317 magna

462 1357 647 1428 quaecum
662 1336 887 1403 traherentur
901 1356 1013 1424 aquae
1027 1332 1185 1423 paullum
1207 1331 1423 1414 resistebant;
1438 1337 1488 1399 est
1502 1333 1609 1420 igitur
1629 1346 1662 1403 τὸ
1682 1353 1788 1417 mesae

462 1447 523 1509 aut
538 1457 664 1529 σπεῖρα,
687 1440 844 1529 glomus,
868 1447 928 1508 aut
944 1461 1072 1507 ancora
1089 1467 1105 1499 »
1128 1445 1161 1505 ct
1180 1439 1278 1506 affert
1300 1437 1391 1531 Plut.
1415 1438 1528 1506 lloral.
1552 1445 1658 1508 507A
1680 1464 1689 1511 :
1711 1443 1787 1523 νεὼς

464 1549 588 1636 μὲνγὰρ
611 1552 800 1635 ἁρπαγείσης
820 1558 880 1615 ὑπὸ
906 1556 1075 1630 πνεύματος
1098 1550 1345 1628 intentivum
1369 1554 1501 1633 σπείραις
1520 1551 1569 1613 uzi
1588 1549 1734 1636 ἀγκύραις
1753 1561 1786 1616 rb

461 1659 555 1743 τάχες
575 1657 796 1739 tatianam,
816 1659 850 1719 et
872 1651 1017 1719 Lucien.
1035 1655 1150 1719 Torar.
1177 1657 1234 1732 19;
1251 1650 1342 1718 unde
1357 1672 1435 1719 usus
1448 1650 1506 1718 ille
1525 1656 1680 1720 veterum
1699 1675 1787 1723 nau-

461 1764 576 1827 tarum
588 1757 757 1827 indubius
771 1756 941 1826 redditur.

505 1868 547 1933 Ut
559 1864 682 1952 syrtim
701 1864 872 1946 vitarent,
890 1869 983 1931 certe
1007 1864 1112 1931 etiam
1136 1885 1201 1953 ope
1222 1861 1446 1951 gubernaculi
1470 1883 1592 1931 navem
1616 1869 1785 1954 quantum

461 1974 622 2060 poterant
640 1993 661 2037 a
678 1968 869 2038 directione
889 1969 1109 2037 meridionali
1126 1966 1279 2037 avertere
1301 1968 1525 2037 conabantur.
1548 1970 1630 2038 lnde
1647 1993 1786 2061 quoque

462 2098 503 2143 er
528 2084 626 2165 parte
653 2075 848 2165 explicatur
875 2075 969 2165 quod
992 2075 1133 2143 tandem
1155 2075 1191 2142 in
1216 2075 1364 2142 insulam
1391 2074 1535 2142 ilelitam
1559 2080 1639 2142 sunt
1664 2075 1782 2143 delati.

463 2185 601 2249 Praeter
614 2181 811 2272 periculum
830 2183 932 2270 syrtis
949 2181 1155 2249 imminebat
1174 2180 1319 2249 alterum
1343 2177 1502 2248 ssuctibus
1522 2186 1626 2248 vento
1647 2181 1783 2271 procel·

438 2302 441 2307 ·
462 2287 537 2356 loso
549 2286 877 2372 intumescentibus,
895 2287 969 2356 scil.
987 2309 1031 2356 ne
1045 2288 1143 2356 navis
1153 2287 1299 2355 nimium
1312 2286 1474 2355 immersa
1486 2286 1647 2356 fluctibus
1657 2289 1784 2356 obrue-

366 2471 376 2480 ,
461 2399 573 2475 retur3
590 2393 673 2463 huic
690 2415 771 2462 mcx
785 2415 856 2462 esse
877 2395 1129 2463 occurrendum
1147 2393 1386 2461 intellexerunt
1409 2416 1440 2460 v.
1465 2399 1505 2460 18
1527 2391 1645 2462 aalide
1665 2388 1782 2462 eut'em

463 2499 561 2568 nohis
576 2511 777 2591 tempestate
788 2501 925 2569 iactatis
939 2499 1095 2591 sequenti
1108 2498 1165 2568 die
1180 2500 1307 2567 iactares
1321 2499 1478 2587 fecerunt
1495 2499 1518 2566 i.
1540 2520 1572 2565 e.
1594 2499 1640 2567 ad
1658 2500 1783 2568 navem

461 2606 646 2675 levandam
673 2628 805 2674 merces
830 2613 864 2674 ct
890 2628 995 2674 onera
1017 2605 1237 2695 proiecerunt
1257 2604 1294 2672 in
1320 2626 1430 2684 mare;
1454 2604 1559 2672 immo
1582 2611 1783 2696 tempestate

462 2716 705 2802 perseverante
724 2718 760 2780 et
770 2712 913 2780 fortasse
927 2718 1028 2780 aucta
1041 2734 1073 2780 v.
1092 2719 1133 2780 19
1152 2723 1185 2778 et
1197 2710 1301 2779 tertia
1314 2709 1370 2777 die
1384 2711 1456 2778 suis
1470 2710 1630 2778 renonibus
1644 2717 1782 2801 αὖτὲχει-

463 2848 515 2908 ρες
528 2819 629 2909 quasi
647 2817 866 2886 sedulitatem
881 2826 915 2886 et
929 2840 1096 2907 magnum
1112 2816 1264 2885 studium
1277 2817 1418 2884 denotat
1431 2839 1553 2884 navem
1571 2817 1783 2886 exonerandi

462 2936 680 2993 armamenta
698 2924 798 2991 mois
818 2925 1037 3014 proiecerunt
1047 2933 1100 3008 τὴν
1115 2934 1239 3009 σκευήν,
1258 2925 1281 2991 i.
1303 2946 1334 2991 e.
1351 2922 1509 2992 utensilia
1526 2923 1623 2990 navis
1641 2924 1783 3015 eiusque

463 3036 687 3121 apparatum,
707 3029 978 3120 supellectilem,
1005 3035 1090 3121 puta
1119 3051 1267 3113 mensas,
1296 3051 1449 3113 marana,
1475 3034 1659 3110 antennas,
1687 3051 1779 3098 rasa.

462 3135 646 3205 llaecideo
659 3157 800 3226 quoque
822 3136 1006 3227 proiecisse
1026 3137 1154 3205 censeri
1168 3142 1323 3226 possunt,
1345 3135 1433 3204 nesi
1457 3157 1519 3226 per
1543 3136 1666 3203 fluctus
1688 3135 1784 3204 abri-

463 3246 632 3333 perentur
654 3242 799 3332 insuper
822 3249 973 3331 stragem
1000 3242 1125 3311 darent
1152 3240 1248 3332 (BL).
1274 3247 1311 3310 ln
1335 3241 1499 3310 eiusmodi
1527 3240 1785 3309 discriminibus

463 3347 733 3439 primoquidem
755 3347 988 3438 proiiciuntur
1011 3370 1156 3430 merces,
1170 3348 1294 3417 deinde
1311 3349 1478 3425 sarcinae,
1500 3353 1534 3415 et
1548 3349 1703 3417 nauticus
1721 3371 1786 3439 ap-

462 3458 622 3545 paratus,
634 3453 787 3544 denique
802 3476 961 3538 annona,
975 3460 1015 3522 ut
1033 3454 1090 3523 bic
1105 3456 1234 3523 factum
1250 3454 1395 3542 legimus
1407 3455 1559 3545 (cetea).

507 3565 647 3628 Veteres
660 3581 740 3629 cum
760 3582 860 3628 usum
876 3583 957 3628 acus
983 3562 1198 3649 magneticae
1224 3568 1406 3629 nautarum
1421 3583 1491 3629 non
1506 3562 1689 3644 baberent,
1705 3586 1784 3633 cur·

464 3688 541 3734 sum
556 3665 602 3733 ad
615 3671 707 3734 astra
722 3664 939 3755 dirigebaut;
956 3689 1063 3757 quare
1077 3666 1146 3735 illis
1160 3667 1292 3735 coelum
1303 3667 1432 3736 diutius
1446 3666 1597 3736 nubibus
1610 3669 1784 3739 obtectum

463 3771 642 3841 accidebat
657 3772 927 3862 permolestum3
949 3797 981 3840 v.
997 3780 1039 3841 20
1056 3797 1164 3866 neque
1182 3787 1299 3842 autem
1317 3774 1386 3843 sole
1404 3797 1513 3866 neque
1531 3774 1700 3843 sideribus
1721 3798 1785 3867 ep-

460 3877 662 3969 parentibus
671 3900 740 3969 per
749 3878 871 3970 plures
885 3879 957 3946 dies
979 3892 1011 3946 et
1035 3893 1232 3970 tempestate
1257 3903 1327 3948 non
1347 3881 1476 3971 eripere
1490 3881 1691 3950 imminente
1714 3883 1785 3950 iam

462 3985 583 4054 oblata
598 3995 674 4052 eret
691 4006 768 4074 spes
789 3983 902 4052 omnis
916 3985 1039 4052 solertis
1057 3999 1212 4072 nostrue;
1225 3988 1271 4055 ita
1289 3987 1360 4055 scil.
1383 3994 1496 4056 mente
1519 3988 1785 4077 praesagiebant

376 4176 379 4179 ,
464 4089 660 4179 animisque
688 4089 801 4158 adecti
823 4096 922 4158 erant
945 4090 987 4159 de
1013 4091 1106 4159 ielici
1132 4092 1360 4180 navigationis
1387 4093 1475 4161 exitu
1504 4094 1722 4185 desperantes
1751 4101 1786 4163 ct

462 4204 595 4265 certum
612 4194 712 4286 quasi
726 4194 868 4264 exitium
889 4197 1151 4287 prospicientem
1173 4221 1254 4267 nam
1274 4207 1392 4268 contra
1412 4222 1497 4291 quos
1512 4199 1672 4290 scopulos
1687 4201 1786 4268 naris

464 4301 718 4394 propelleretur
732 4300 789 4370 vel
801 4322 884 4370 num
900 4309 1015 4392 posset
1027 4305 1126 4372 navis
1139 4304 1283 4396 impetui
1301 4307 1466 4375 fluctuum
1484 4306 1615 4374 diutius
1627 4306 1784 4375 resistcre

465 4430 509 4476 ne
537 4429 703 4476 concussa
736 4407 953 4476 dilaberetur
980 4410 1083 4501 plane
1115 4411 1335 4499 ignorabant.
1371 4412 1494 4480 Paulus
1525 4411 1644 4504 utique
1675 4420 1789 4483 certus
1885 4432 1889 4437 '

466 4519 541 4581 crat
558 4535 594 4581 se
616 4536 836 4606 quocumque
863 4514 1004 4584 demum
1031 4517 1133 4585 modo
1156 4540 1336 4586 evasurum
1358 4520 1498 4607 (eata).
1522 4523 1658 4589 Ceteros
1669 4526 1785 4589 antem

465 4636 605 4707 magna
620 4619 761 4689 tenebat
788 4619 986 4689 animorum
1013 4622 1204 4715 depressio,
1240 4624 1330 4693 unde
1359 4647 1441 4716 prae
1467 4646 1621 4695 moerore
1645 4632 1681 4695 et
1705 4648 1788 4695 con·

464 4725 677 4794 sternatione
697 4727 753 4793 vix
771 4728 889 4797 cibum
902 4750 1038 4797 sumere
1052 4730 1228 4812 volebant3
1246 4754 1278 4800 v.
1296 4737 1335 4799 at
1353 4745 1385 4800 et
1400 4754 1479 4801 cum
1493 4730 1603 4800 irruite
1619 4731 1787 4801 ieiunetio

847 4856 1041 4921 nnnnmraprr.
1059 4870 1091 4883 -
1106 4857 1132 4897 tn
1148 4860 1227 4898 acres
1244 4860 1329 4918 favosa.
1347 4874 1376 4884 —
1392 4852 1423 4897 28
1465 4906 1466 4909 Ἴ
