4054 5442
999 420 1068 464 scr.
1091 402 1248 474 222430.
1729 398 1790 459 3¹19

467 574 569 644 quem
584 554 795 645 synedristae
810 550 996 619 convenire
1007 550 1179 620 solebant.
1197 533 1421 619 -Statuitur
1435 547 1652 616 alteralectio
1666 548 1789 615 omisso

466 669 568 731 ἔλυσεν
584 686 592 732 :
607 672 729 747 πέμψας
750 666 908 727 ἐκέλευσεν
924 658 1020 748 (BL).

506 828 664 892 Obiicitur
682 843 753 888 esse
772 827 868 906 plane
888 828 1103 908 improbabile
1122 828 1207 908 quod
1228 846 1258 891 v.
1276 830 1317 888 24
1332 830 1489 889 narretur.
1506 823 1683 885 Tribunum
1703 821 1790 882 enim

466 927 521 1005 qui
535 926 597 985 iam
613 924 744 987 sciverit
757 926 893 988 Paulum
905 944 970 987 non
986 943 1055 987 esse
1068 924 1264 1004 Aegyptium
1281 924 1377 984 illurn
1394 922 1563 994 rebellem,
1581 920 1637 982 sed
1655 919 1790 980 Tarsen-

466 1038 535 1083 sem
555 1021 712 1084 Iudaeum
729 1027 762 1085 et
783 1023 841 1102 qui
862 1022 1046 1102 permiserit
1062 1022 1164 1084 Paulo
1186 1021 1276 1099 loqui
1300 1021 1340 1082 ad
1360 1020 1535 1100 populum,
1559 1035 1626 1079 non
1649 1017 1790 1096 potuisse

464 1135 550 1181 nunc
563 1120 748 1201 praecipere
761 1126 800 1182 ut
813 1119 958 1198 quaestio
974 1119 1009 1178 in
1028 1136 1106 1180 eum
1121 1114 1254 1199 flagellis
1270 1119 1442 1180 haberetur
1460 1115 1554 1194 quasi
1574 1116 1607 1175 in
1626 1114 1791 1175 hominem

465 1234 555 1278 reum
569 1215 696 1299 (Halo).
714 1220 918 1295 Responsum
936 1220 985 1277 est
1004 1233 1102 1295 supra
1121 1216 1162 1278 ad
1177 1234 1208 1277 v.
1227 1218 1279 1276 al.
1299 1215 1439 1276 Tribuno
1459 1213 1677 1291 maximopere
1697 1226 1791 1272 curae

465 1332 535 1377 esse
555 1314 730 1376 debuitne
754 1312 948 1375 insurrectio
972 1314 1075 1375 fieret.
1100 1313 1239 1393 Sperans
1261 1314 1371 1391 itaque
1395 1311 1575 1373 tumultum
1598 1308 1792 1370 allocutione
1897 1346 1901 1352 ·
1953 1346 1957 1353 -

465 1411 554 1472 Pauli
570 1410 675 1471 sedari
688 1427 783 1489 posse
797 1411 957 1472 concessit
969 1410 1071 1472 Paulo
1083 1410 1185 1488 loqui.
1202 1411 1324 1471 Verum
1338 1409 1441 1472 multo
1455 1407 1561 1469 maior
1575 1406 1715 1485 exsurgit
1725 1405 1793 1484 ple·

465 1508 514 1568 bis
529 1506 653 1582 rabies;
670 1524 767 1586 quare
781 1508 860 1586 quid
875 1508 999 1570 facilius
1015 1508 1184 1569 intellectu
1203 1523 1302 1585 quam
1316 1506 1483 1569 tribunum
1503 1505 1567 1565 iam
1582 1504 1684 1583 magis
1698 1500 1792 1562 irasci

466 1603 499 1666 in
521 1605 673 1676 Paulum,
699 1622 717 1665 a
740 1623 803 1684 quo
827 1624 862 1667 se
884 1605 1057 1685 deceptum
1078 1622 1149 1666 esse
1171 1604 1356 1665 existimat?
1379 1606 1514 1682 Insuper
1535 1602 1612 1663 satis
1632 1616 1793 1680 superque

465 1708 579 1764 notum
594 1707 644 1765 est
658 1705 821 1765 Romanos
837 1720 900 1764 non
917 1703 1020 1763 nimia
1035 1702 1221 1764 reverentia
1236 1701 1285 1764 uti
1300 1701 1412 1764 solitos
1430 1717 1500 1762 esse
1515 1699 1549 1761 in
1564 1699 1698 1761 ludaeos
1712 1713 1793 1776 quos

466 1798 684 1880 despiciebant
702 1799 801 1862 variis
821 1818 860 1861 ex
878 1800 984 1861 causis
1003 1802 1036 1861 et
1057 1816 1140 1878 quos
1158 1818 1263 1880 genus
1283 1799 1451 1860 hominum
1469 1814 1538 1859 esse
1558 1796 1792 1868 turbulentum,

466 1901 653 1970 contumax,
670 1897 816 1960 moribus
830 1896 996 1959 addictum
1011 1897 1187 1977 peregrinis
1205 1896 1329 1976 experti
1349 1900 1455 1971 erant;
1473 1895 1558 1958 unde
1578 1894 1715 1955 multum
1731 1891 1793 1953 sibi

466 1993 565 2055 sumit
581 1995 739 2056 «criticus
755 2017 771 2050 ν
788 1994 867 2056 dum
882 2011 901 2056 a
915 1995 1022 2074 priore
1043 1995 1155 2056 statuit
1170 2000 1290 2073 quanta
1307 1994 1510 2057 humanitate
1529 1991 1678 2056 debuerit
1695 1988 1795 2069 magi·

467 2096 581 2153 stratus
597 2108 748 2153 romanus
768 2092 816 2153 uti
838 2093 872 2152 in
893 2092 1049 2153 Iudaeum
1071 2109 1168 2170 quem
1189 2093 1230 2153 ab
1248 2090 1327 2172 ipsis
1346 2091 1472 2153 ludaeis
1493 2094 1606 2170 utpote
1629 2088 1795 2149 hominem

466 2187 655 2267 pestiferum
669 2188 784 2268 capitis
801 2205 894 2250 reum
909 2188 1020 2251 audiat
1038 2189 1249 2268 proclamari!
1266 2190 1364 2250 Porro
1381 2212 1397 2243 ι
1414 2187 1517 2250 critici
1535 2210 1551 2243 ν
1569 2183 1705 2268 (Spitto,
1723 2180 1794 2246 Cle-

468 2303 550 2363 men,
563 2283 693 2367 loaysa,
710 2283 814 2367 Hilp.)
829 2286 929 2347 etiam
951 2310 967 2342 ο
988 2303 1026 2347 οι
1045 2286 1226 2348 rationibus
1243 2285 1378 2349 internis
1399 2309 1416 2342 ν
1435 2285 1601 2356 viderunt,
1617 2300 1683 2346 non
1701 2297 1795 2363 posse

467 2399 536 2445 ease
554 2400 666 2445 verum
691 2383 779 2462 quod
800 2384 835 2444 in
856 2401 888 2444 v.
909 2383 1134 2446 sererentur
1156 2386 1197 2445 Et
1216 2383 1299 2446 haee
1320 2408 1335 2439 ν
1356 2384 1437 2445 ratio
1459 2383 1617 2446 interna»
1639 2386 1703 2453 est,
1720 2379 1796 2459 quia

467 2480 615 2542 tribunus
631 2481 735 2543 civem
747 2498 919 2543 romanum
934 2498 999 2543 non
1013 2481 1156 2560 potuerit
1171 2481 1317 2562 periculo
1329 2482 1412 2543 vitae
1427 2480 1582 2553 obiicere;
1598 2479 1674 2541 huic
1686 2483 1794 2539 autem

468 2577 611 2656 periculo
627 2595 698 2639 eum
719 2577 984 2640 manifestissime
1000 2578 1187 2653 obiecisset,
1204 2579 1232 2639 si
1248 2596 1323 2642 eum
1339 2578 1380 2640 ad
1395 2577 1583 2657 spmedrium
1596 2575 1793 2637 adduxisset.

467 2674 529 2736 Sed
547 2691 626 2753 pace
646 2675 789 2737 virorum
809 2677 978 2737 doctorum
1001 2676 1148 2737 dicamus
1172 2692 1180 2735 :
1204 2676 1233 2737 si
1253 2674 1430 2755 pericnlum
1452 2674 1578 2748 aderat,
1596 2674 1742 2734 tribunus
1762 2671 1795 2733 id

468 2771 573 2843 norit,
589 2772 764 2850 praecarit3
782 2790 889 2851 neque
908 2772 1058 2835 tribunus
1077 2770 1162 2833 solua
1182 2790 1257 2835 cum
1277 2772 1373 2835 Paulo
1393 2772 1574 2843 descendit,
1594 2786 1700 2850 neque
1719 2787 1796 2849 sup·

467 2868 544 2947 poni
558 2872 666 2948 potest
679 2868 748 2931 lore
763 2875 801 2932 ut
814 2869 1012 2948 synedristae
1025 2874 1198 2949 praesente
1211 2871 1344 2932 tribuno
1359 2870 1492 2932 Paulum
1505 2869 1683 2931 interllcere
1696 2884 1795 2930 cona·

467 2971 586 3028 rentur.
602 2967 710 3028 llultis
725 2966 1000 3029 sollicitudinibus
1010 2968 1103 3046 plane
1119 2968 1293 3030 inutilibus
1305 2968 1408 3030 critici
1418 2968 1548 3048 ingenia
1559 2983 1617 3028 sua
1629 2966 1793 3046 torquent!

806 3162 831 3231 ο)
850 3165 981 3217 Paulus
1000 3177 1116 3217 coram
1135 3164 1296 3230 synedrio
1314 3165 1462 3232 esp-10.

503 3304 577 3367 aar.
603 3305 757 3357 intendens
782 3313 878 3357 autem
904 3308 933 3357 ln
961 3306 1114 3358 concilium
1189 3307 1267 3372 23‚l.
1300 3301 1425 3367 Ἀτινίοας
1451 3303 1478 3358 δί
1505 3303 1519 3356 δ
1546 3303 1644 3366 Παῦλος
1665 3306 1701 3373 τῷ
1723 3320 1795 3356 οννι-

468 3392 581 3454 Ραοιιιο,
597 3395 651 3459 οιι;
666 3394 727 3444 Vlrl
746 3392 857 3453 tratres,
871 3407 926 3459 ogo
945 3397 1023 3445 omnl
1043 3408 1113 3446 con·
1151 3392 1213 3465 δρίῳ
1246 3390 1329 3463 alma,
1364 3392 1462 3465 ’λνδρις
1493 3391 1611 3464 ἂδιλρολ,
1646 3389 1697 3456 ἐγὼ
1728 3391 1796 3463 τίαν,

467 3484 585 3534 scientia
615 3482 690 3533 bona
722 3486 907 3535 conversatus
944 3496 1008 3535 suin
1045 3488 1114 3535 ante
1151 3481 1292 3548 οννιιδήατι
1334 3479 1418 3553 ipati,
1453 3481 1635 3553 πεπολίτευμαι
1670 3485 1707 3552 τῷ
1741 3478 1798 3552 Θεῷ

469 3571 558 3624 Deum
589 3583 679 3636 usque
707 3573 737 3622 ln
768 3572 939 3623 hodiernum
968 3571 1054 3624 diem.
1085 3566 1110 3623 Π.
1150 3570 1211 3643 ἄχρι
1243 3571 1335 3638 ταύτης
1365 3574 1409 3637 τῆς
1435 3567 1540 3641 ἡμέρας.
1562 3574 1589 3627 Π.
1617 3569 1632 3623 ὁ
1659 3569 1685 3623 ὀί
1709 3567 1796 3641 ἀρχα·

469 3660 600 3724 Princeps
641 3662 734 3711 autem
771 3660 948 3712 sacerdotum
988 3663 1114 3711 Auanlas
1149 3658 1206 3728 ριῑνς
1238 3656 1355 3722 ’λνανίας
1392 3657 1507 3721 ἐπίταξιν
1547 3664 1601 3721 τοῖς
1644 3664 1796 3729 παρεστῶσιν

468 3751 608 3813 praecepit
627 3748 804 3799 adstantibus
828 3748 882 3798 sibi
905 3754 1055 3813 percutere
1080 3764 1113 3800 os
1150 3746 1217 3820 αδτῷ
1236 3747 1336 3803 τίτττιν
1361 3747 1437 3801 αὺτοῦ
1470 3749 1499 3801 τδ
1525 3749 1616 3820 crepa.
1648 3752 1673 3801 3.
1698 3748 1754 3801 τότε
1781 3745 1797 3800 ί

469 3839 538 3889 elus.
553 3836 789 3888 3.TuncPaulus
802 3837 873 3888 ‹lixlt
887 3837 924 3888 ad
938 3850 1003 3888 curn
1020 3851 1027 3887 :
1047 3838 1112 3889 Pcr·
1150 3835 1250 3899 Παῦλος
1284 3837 1346 3908 τρδι
1396 3835 1472 3889 etsta
1516 3834 1588 3902 οἶαι,
1623 3835 1726 3889 Τύπτειν
1769 3854 1797 3889 οι

469 3927 555 3976 cutlet
575 3930 603 3976 te
626 3924 718 3987 Deus,
741 3926 836 3990 parles
857 3925 996 3977 dealbate.
1022 3925 1058 3977 Et
1082 3929 1112 3977 tu
1150 3923 1238 3996 μίλλαι
1274 3924 1290 3978 δ
1329 3925 1407 3989 θιδς,
1439 3927 1512 3999 respa
1554 3924 1722 3996 τιαονιαριίντ·
1755 3924 1798 3978 ταί

469 4014 570 4067 sedens
587 4012 696 4065 ludloas
718 4026 764 4065 me
782 4012 937 4065 secundum
956 4014 1063 4076 legem,
1085 4017 1114 4065 et
1149 4013 1181 4066 οδ
1222 4013 1287 4087 adop
1328 4013 1418 4085 αρίνονν
1461 4034 1494 4085 pr
1530 4012 1594 4068 τατίι
1626 4014 1671 4068 τδν
1705 4011 1795 4085 νόμον,

470 4105 568 4154 contra
587 4101 679 4166 legem
702 4101 784 4153 tubes
806 4114 851 4153 me
877 4088 1003 4167 perculi?
1024 4102 1050 4153 l.
1079 4102 1114 4153 Et
1149 4101 1193 4154 ul
1231 4107 1385 4175 παρανομῶν
1425 4101 1532 4166 αιλιδιις
1575 4122 1606 4175 μα
1649 4102 1795 4164 rimetur:

471 4193 519 4257 qul
541 4190 690 4242 adstabant
710 4189 842 4241 dlxerunt
863 4203 871 4240 τ
893 4190 1041 4242 Soluntum
1065 4203 1114 4242 sa·
1152 4194 1177 4244 l.
1211 4189 1237 4243 οί
1270 4191 1298 4245 δί
1324 4196 1478 4263 παρεστῶτας
1510 4189 1596 4258 ainau,
1620 4191 1674 4245 Τον
1707 4189 1796 4264 ἇρχια·

471 4279 610 4332 cerdotern
631 4279 684 4330 Dcl
700 4274 864 4330 maledicis?
882 4280 909 4330 5.
925 4279 1003 4330 Dixit
1016 4287 1112 4330 autcm
1149 4280 1193 4348 ρία
1220 4283 1265 4333 τοῦ
1283 4280 1348 4334 θεοῦ
1371 4280 1511 4353 λοιδοριῖςς
1532 4286 1559 4337 5.
1583 4280 1627 4351 ίαν,
1646 4298 1673 4334 τι
1691 4279 1706 4333 ί
1724 4278 1796 4332 Παῦ-

472 4367 575 4419 Paulus
591 4380 598 4418 :
614 4367 797 4428 Nesciebam,
814 4365 928 4429 batres,
946 4369 1013 4433 quia
1033 4369 1112 4432 prin·
1149 4366 1203 4437 λος,
1223 4366 1276 4421 (lia
1290 4369 1369 4442 ᾔδειν,
1385 4368 1499 4441 ἂδιλρολ,
1515 4371 1553 4423 δτι
1572 4367 1638 4422 iotis
1661 4365 1797 4439 δρχιιριίς·

471 4462 590 4521 cepeest
602 4456 790 4508 sacerdotum.
806 4455 1002 4520 scriptumest
1015 4459 1111 4509 enlm:
1149 4459 1290 4529 γέγραπται
1312 4456 1376 4530 γὰρ,
1395 4457 1518 4532 Ἄρχοντα
1541 4461 1586 4511 τοῦ
1603 4456 1668 4510 λαοῦ
1686 4474 1731 4511 τοο
1752 4456 1797 4511 oba

474 4544 631 4609 Principem
645 4545 797 4610 popinatur
817 4557 875 4597 non
894 4544 1056 4597 maledices.
1150 4545 1213 4617 ίριΐς
1231 4551 1321 4609 κακῶς.

507 4633 533 4684 6.
551 4632 756 4685 Sciensautern
771 4632 877 4686 Paulus
890 4634 958 4698 qula
971 4646 1029 4683 una
1045 4647 1113 4698 pars
1186 4634 1214 4684 c.
1234 4629 1310 4692 Γνοὶνς
1332 4630 1360 4684 ol
1391 4629 1407 4683 δ
1436 4629 1535 4693 Παῦλος
1562 4631 1601 4685 ὅτι
1623 4629 1653 4684 τδ
1675 4631 1703 4684 iv
1726 4631 1798 4702 μίρος

473 4727 548 4774 esset
564 4720 786 4775 sadducaeorum
800 4726 829 4775 et
844 4723 934 4774 altera
949 4723 1113 4786 pharisaeo·
1149 4716 1216 4772 totio
1240 4718 1425 4786 Σαδδουκαίων,
1442 4719 1472 4773 τίν
1495 4720 1522 4773 δὲ
1545 4720 1629 4791 ἕτερον
1651 4719 1797 4789 Φαρισαίων

471 4823 547 4873 rum,
563 4811 731 4863 exclamavit
754 4812 783 4862 ln
807 4810 954 4863 concillo:
975 4810 1034 4862 Vlri
1054 4811 1113 4863 lra-
1149 4807 1251 4880 ἔκραζεν
1281 4807 1306 4863 ίν
1334 4813 1372 4881 τῷ
1398 4810 1525 4882 συνεδρίῳ,
1555 4807 1652 4881 Ἄνδρες
1683 4807 1796 4880 ἀδιλροὶ,
