4054 5442
288 331 347 387 -lltl
462 325 468 336 ’
829 351 897 396 Act.
921 335 1077 408 attis-23.

286 499 403 546 versus
417 499 496 545 eunt
520 491 554 546 et
573 479 616 547 dc
636 481 787 572 qtcodam
805 484 882 550 lesit
901 483 1063 572 desumto
1074 504 1180 574 quem
1198 481 1397 570 affirmabat
1415 480 1544 548 Paulus
1558 483 1612 549 vi-

290 605 385 672 cerc,·
400 613 417 647 «
442 607 512 653 non
536 588 652 678 potuit
677 586 801 654 melius
824 588 919 655 rudis
940 591 1064 657 harum
1084 610 1202 658 rerum
1222 587 1310 655 Festi
1332 608 1427 655 mens
1447 586 1568 672 effingi
1591 616 1607 649 a

286 689 369 781 (sl.)
386 702 511 780 ἔφασκεν
526 692 726 774 dictitabat,
744 694 890 780 repetito
910 701 944 760 ct
966 694 1117 761 studiose
1134 694 1321 774 asserebat;
1337 693 1419 762 inde
1438 693 1542 760 etiam
1557 692 1610 758 vi·

286 797 389 866 detur
403 820 474 866 esse
490 802 593 864 enata
607 795 779 863 accusatio
799 797 941 863 Paulum
965 797 1002 864 in
1015 802 1191 865 Caesarem
1206 821 1362 888 peccasse
1378 800 1425 889 (v.
1452 800 1501 889 8).
1524 803 1609 866 Cum

284 905 376 971 enim
390 908 501 971 lesum
516 906 732 967 accusassent
746 899 864 968 ludaei
879 901 1014 991 quodsc
1030 923 1149 989 regem
1159 903 1288 971 laceret
1305 903 1452 994 ideoque
1466 928 1485 972 a
1501 906 1609 972 Pilato

283 1015 371 1077 esset
393 1005 644 1087 cruci‘affixus,
662 1004 763 1073 iacile
781 1010 914 1096 poterat
931 1008 1034 1076 Paulo
1053 1009 1141 1076 verti
1159 1007 1297 1076 crimini
1317 1009 1412 1099 quod
1431 1016 1519 1077 esset
1535 1011 1607 1077 eius

283 1112 413 1181 assecla
431 1131 582 1201 eumque
596 1112 814 1201 praedicaret
832 1134 950 1200 regem
971 1118 1004 1180 et
1027 1114 1223 1196 dominum;
1238 1137 1346 1205 quare
1368 1113 1515 1202 dignum
1536 1136 1606 1182 esse

283 1217 346 1308 qui
360 1239 381 1285 a
394 1223 620 1310 procuratore
632 1215 734 1286 simili
751 1218 922 1309 supplicio
942 1218 1207 1288 interimeretur.
1225 1225 1349 1290 Contra
1368 1220 1462 1311 quod
1481 1220 1605 1287 Paulus

282 1345 322 1390 ex
340 1328 413 1391 lesu
427 1325 680 1393 resurrectione
696 1325 848 1393 ostendit
863 1326 935 1392 eius
950 1325 1185 1394 innocentiam
1199 1332 1234 1395 et
1252 1348 1401 1415 regnum
1415 1326 1603 1417 spirituale.

261 1432 349 1497 ·Cur
366 1437 573 1521 procurator
591 1431 716 1498 merito
739 1429 929 1517 neglexerit
949 1430 1201 1499 accusationem
1225 1426 1433 1514 rebellionis,
1461 1431 1538 1500 vide
1562 1431 1604 1500 ad

150 1518 158 1533 ²
283 1541 366 1605 ν.8.

327 1646 438 1717 Quare
449 1638 541 1706 nihil
555 1639 697 1707 allatum
714 1641 875 1730 estquod
895 1642 1107 1731 procuratori
1126 1663 1240 1731 poena
1251 1641 1398 1729 dignum
1410 1640 1603 1722 videretur3

280 1768 314 1812 v.
335 1751 378 1812 20
396 1743 571 1812 haesitans
583 1754 700 1812 autem
714 1767 787 1835 eqo·
801 1750 1004 1835 ἁποροὺμενες
1022 1748 1165 1835 ignarus
1183 1746 1269 1838 quid
1281 1746 1502 1816 statuendum
1520 1750 1605 1814 esset

281 1849 324 1917 de
338 1849 541 1917 huiusmodi
551 1849 766 1940 quaestione,
777 1853 835 1920 sed
854 1854 978 1920 Paulus
989 1852 1022 1920 ei
1034 1853 1124 1920 clare
1134 1852 1387 1921 iudicaviteum
1396 1852 1604 1943 perspexisse

250 1984 258 1990 ·
279 1955 365 2047 quid
384 1961 564 2047 oporteret
580 1956 712 2041 lacere,
729 1979 851 2026 verum
870 1957 1017 2026 noluisse
1035 1958 1147 2026 lacera
1167 1963 1205 2025 ut
1223 1957 1372 2046 gratiam
1391 1957 1494 2026 iniret
1512 1956 1609 2048 apud*

280 2062 424 2130 ludaeos
436 2085 466 2130 v.
485 2069 538 2131 to.
558 2070 613 2147 tl,
626 2061 783 2131 dicebam
796 2066 828 2130 si
840 2064 940 2132 uellet
956 2064 1007 2131 ire
1021 2062 1267 2153 lerosolymam
1281 2076 1313 2132 et
1334 2062 1384 2131 iti
1402 2061 1551 2132 iudicati
1563 2061 1605 2130 dc

278 2168 376 2252 istis,·
389 2191 422 2235 v.
440 2174 480 2235 st
499 2167 612 2236 Paulo
629 2180 746 2237 autem
766 2169 976 2259 appellante,
996 2183 1035 2237 ut
1050 2182 1243 2237 secaretur
1259 2169 1309 2238 ad
1321 2169 1472 2261 Augusti
1487 2169 1605 2259 capni-

278 2274 408 2341 tioncm
419 2274 443 2355 ¹,
460 2273 662 2363 explicatius
675 2276 712 2341 in
734 2274 798 2363 gig
813 2275 906 2363 (vide
922 2276 1001 2342 lect.
1017 2275 1120 2365 van),
1138 2275 1225 2343 iussi
1235 2275 1366 2344 seruari
1379 2298 1473 2360 eum
1498 2274 1605 2342 donec

278 2379 416 2447 mittam
438 2401 518 2446 cum
539 2378 588 2447 ad
605 2382 806 2463 Cacsar-cm,
823 2385 987 2468 ἀναπέμψω
1012 2409 1029 2446 u
1049 2381 1185 2449 mittam
1204 2380 1252 2449 ad
1267 2403 1347 2450 eum
1365 2380 1533 2471 adquam
1551 2402 1606 2448 res

278 2485 430 2576 pertinet
443 2491 522 2553 Luc.
540 2492 693 2570 23,7.15,
709 2488 853 2576 quasiin
868 2487 979 2555 locum
993 2487 1218 2578 superiorem,
1234 2488 1279 2555 ci.
1296 2486 1414 2576 Polyb.
1429 2493 1545 2570 1:1,12
1559 2486 1604 2555 de

278 2591 423 2681 captivis
436 2596 581 2659 Romam
597 2593 711 2661 missis
726 2622 742 2654 a
759 2593 861 2684 (m.);
879 2617 911 2660 v.
925 2600 969 2661 22
983 2594 1140 2685 Agrippa
1154 2593 1374 2663 autemdicit
1385 2594 1603 2662 adFestum:

279 2696 432 2764 colebam
446 2710 479 2764 et
500 2698 572 2788 ipse
593 2698 769 2767 hominem
788 2698 923 2783 audire,
946 2706 1129 2785 ἑεευλὸμην,
1149 2705 1188 2768 ut
1203 2704 1372 2769 nostrates
1387 2699 1604 2769 dicunt‘2icb

279 2801 394 2868 wollte
414 2800 589 2891 (ll'endt);
616 2804 815 2895 comparari
834 2811 944 2893 potest
966 2809 1064 2874 Rom.
1095 2811 1152 2890 9,3
1173 2809 1208 2873 et
1227 2805 1299 2875 Gal.
1328 2811 1425 2889 laio,
1446 2806 1605 2897 quamvis

279 2907 370 2975 hisce
395 2908 478 2977 locis
502 2910 545 2977 dc
571 2932 609 2977 re
637 2917 762 2998 agatur
779 2933 869 3001 quac
897 2911 972 2979 lieri
991 2916 1158 3002 nequeat,
1178 2915 1297 2980 nostro
1319 2915 1435 2980 autom
1465 2912 1540 2981 loco
1567 2910 1602 2978 id

279 3013 448 3082 modestia
462 3015 615 3106 quadam
631 3016 761 3107 petitur
776 3016 870 3107 quod
884 3017 958 3084 lieri
971 3022 1094 3107 potest,
1111 3016 1171 3085 ubi
1187 3038 1312 3105 graece
1325 3024 1489 3102 βουλοίμην
1501 3024 1536 3086 ἄν
1549 3016 1604 3084 di·

277 3120 369 3188 citur
383 3120 441 3210 (ct.
461 3120 576 3206 Blass,
593 3125 745 3189 Gramm.
758 3144 793 3211 p.
806 3122 900 3211 202).
914 3122 1347 3205 Libentcrannuitsenus,
1364 3122 1511 3213 quirem
1527 3141 1602 3190 eam

277 3247 357 3292 cum
372 3227 528 3316 Agrippa
544 3248 614 3294 non
629 3227 701 3295 sine
714 3234 808 3294 certo
824 3227 974 3318 quodam
989 3228 1131 3297 consilio
1149 3227 1433 3312 communicavit,
1454 3227 1490 3295 id
1510 3226 1604 3318 quod

277 3332 382 3399 ctiam
402 3339 523 3421 aperte
545 3331 582 3399 in
602 3355 635 3400 v.
663 3338 706 3401 26
725 3333 841 3401 edicit.
867 3332 960 3401 Unde
983 3333 1127 3426 loquens
1145 3333 1189 3402 da
1213 3332 1318 3403 Paulo
1343 3355 1422 3401 cum
1446 3333 1601 3424 Agrippa

276 3437 346 3505 iam
362 3440 573 3528 exspectavit
594 3440 763 3508 eiusmodi
782 3440 954 3530 Agrippae
976 3460 1194 3531 responsum:
1216 3461 1307 3525 cras,
1333 3438 1465 3528 inqatit,
1481 3437 1603 3508 audies

276 3565 371 3612 cum

320 3651 483 3741 Sequenti
505 3658 622 3718 autem
657 3650 714 3719 die
747 3656 860 3719 Festus
893 3652 1082 3743 Agrippam
1108 3650 1453 3720 honorificentissime
1478 3650 1605 3741 excipit

275 3781 307 3826 v.
324 3765 366 3826 23
385 3758 497 3826 altera
521 3770 638 3825 atttcm
658 3756 728 3842 die,
749 3778 827 3825 cum
848 3758 990 3826 acuisset
1013 3757 1168 3849 Aprippa
1188 3770 1221 3824 ct
1243 3756 1385 3825 chice
1401 3779 1481 3825 cum
1495 3755 1604 3825 nauita

274 3864 462 3931 natalitiam
478 3873 655 3951 φαντασίας,
674 3891 690 3923 u
709 3886 779 3953 quo
796 3864 935 3932 nominc
953 3863 1157 3952 designatur
1170 3862 1350 3954 multiplex
1367 3868 1554 3955 apparatus
1565 3867 1600 3930 et

275 3991 405 4061 pompa
421 3970 547 4056 regalis
561 3970 667 4038 officii
691 3998 706 4029 a
727 3967 860 4059 (Beda),
881 3969 1077 4055 ostentatio,
1098 3990 1228 4061 pompa
1247 3968 1331 4059 (Bi.)
1351 3981 1385 4037 et
1403 3969 1599 4037 introissent

277 4076 314 4143 ia
333 4074 550 4143 auditorium
568 4098 647 4143 cum
664 4075 809 4143 tribunis
829 4075 961 4144 ateiris
979 4075 1233 4168 principalibus
1252 4074 1423 4161 ciuitatis;
1435 4097 1475 4144 ex
1494 4075 1601 4143 altera

277 4181 427 4251 lectione
442 4181 588 4250 aderant
603 4204 744 4272 quoque
758 4183 818 4273 qui
830 4205 870 4249 ex
885 4182 1063 4273 provincia
1076 4182 1123 4251 ad
1141 4181 1359 4251 salutandum
1374 4186 1510 4250 Festum
1524 4201 1604 4248 con·

310 4348 332 4393 t.
348 4340 443 4394 Scribit
456 4342 614 4399 Suetonius,
632 4343 722 4391 octat.
741 4344 755 4390 t
776 4360 782 4392 z
805 4363 814 4382 ·
836 4344 923 4405 postea
942 4342 972 4393 c.
990 4341 1107 4394 caesarls
1125 4344 1151 4393 et
1169 4338 1263 4393 delude
1280 4338 1388 4404 Augustl
1406 4350 1546 4412 *mguomea
1560 4351 1602 4389 as-

276 4422 385 4483 sumsit3
397 4421 509 4472 alterum
525 4425 679 4473 testamento
697 4420 802 4471 maioris
817 4421 954 4482 avunculi,
969 4421 1080 4473 atterum
1094 4420 1204 4473 Munatlt
1220 4418 1307 4472 Plancl
1323 4418 1460 4478 metentis,
1475 4431 1534 4469 cum
1547 4417 1605 4483 qut·

276 4500 383 4553 busdam
402 4501 569 4552 censentibus
589 4499 728 4552 Romulum
744 4498 869 4566 appellari
886 4500 990 4569 debere
1000 4500 1073 4567 quasi
1092 4505 1119 4553 et
1131 4500 1216 4565 ipsum
1229 4496 1391 4550 moditatem
1406 4497 1476 4549 urbts
1496 4510 1603 4562 praem·

276 4579 379 4639 luisset,
396 4584 427 4632 ut
447 4583 579 4643 Augustus
599 4581 684 4645 potius
704 4583 848 4641 vocaretur,
867 4594 917 4631 non
935 4584 1035 4632 tentum
1052 4594 1129 4641 novo,
1148 4577 1286 4631 sedetiam
1304 4576 1429 4643 ampliore
1444 4576 1603 4641 cognomine,

275 4659 347 4723 quod
360 4659 415 4712 loca
429 4673 535 4725 quoque
550 4658 668 4723 religiosa
681 4664 708 4711 et
727 4660 753 4710 tn
766 4659 860 4725 quibus
877 4663 1002 4725 augurato
1018 4659 1081 4726 quid
1096 4661 1262 4711 mnsecretur
1276 4660 1385 4722 augusta
1400 4655 1521 4708 dicantur
1535 4675 1557 4707 ι.
1573 4680 1605 4693 -

276 4738 375 4792 ltxtude
387 4743 529 4805 utrumque
544 4754 636 4792 nornen
648 4740 681 4791 ad
698 4742 869 4803 Imperatores
882 4740 995 4792 translit.
