4128 5442
982 352 986 359 .
1011 318 1051 364 nn
1071 319 1162 366 craso
1184 319 1330 368 auruum·
1815 303 1833 360 7

491 449 567 511 velli
593 448 757 510 existimat
787 450 935 531 eoquod
959 452 1079 513 Paulus
1103 454 1252 514 scribat:
1277 451 1394 514 deinde
1420 455 1494 530 post
1517 468 1615 512 annos
1648 455 1685 513 li
1713 453 1832 515 iterum

490 546 618 610 ascendi
643 546 821 609 Ierusalem
839 548 920 630 (Gal.
935 547 1016 629 ΞΛ),
1036 549 1211 629 exquibus
1232 548 1338 611 verbis
1360 547 1522 610 concludit
1541 548 1677 624 Paulum
1692 553 1723 610 et
1739 552 1831 630 proin

492 643 663 706 ecclesiam
684 644 913 708 antiochenam
930 646 1027 725 plane
1039 645 1166 708 nullum
1184 647 1337 710 habuisse
1357 646 1587 709 commercium
1607 663 1681 708 curn
1700 646 1831 708 ecclesia

490 740 785 821 hierosolymitana.

532 925 673 995 Librum
695 931 843 997 ,ictuum
866 926 1037 1018 scriptum
1054 948 1127 994 esse
1145 928 1475 1018 post'evsugelium‚
1491 927 1689 996 immediate
1709 951 1749 996 ex
1772 934 1827 1011 1,1

488 1031 630 1116 evidens
651 1040 712 1104 est.
735 1032 963 1123 Evangelium
986 1031 1105 1102 autern
1128 1033 1359 1125 compositum
1380 1056 1451 1103 esse
1469 1034 1562 1102 baud
1582 1034 1733 1103 multum
1750 1040 1828 1127 post

488 1161 545 1209 an.
563 1146 607 1207 69
620 1138 825 1230 nuperrime
840 1140 1036 1209 rationibus
1055 1146 1107 1209 sat
1121 1130 1288 1230 giavibus
1306 1140 1421 1210 Belser
1432 1140 1681 1209 demonstravit
1694 1140 1825 1230 (Theol.

487 1244 752 1325 Quartalschrist
773 1252 860 1316 1898
876 1271 913 1339 p.
930 1252 998 1316 228
1014 1246 1118 1339 seq.).
1133 1251 1218 1316 llam
1233 1248 1328 1339 quod
1345 1246 1461 1316 multis
1479 1246 1590 1339 placet
1607 1246 1826 1335 evangelium

488 1354 532 1420 ob
547 1357 652 1438 ulmo
670 1352 861 1422 amandare
882 1352 927 1422 ad
947 1357 1086 1444 tempus
1104 1359 1184 1445 post
1202 1354 1325 1423 urbem
1339 1375 1510 1437 eversam,
1522 1353 1720 1422 nullatcnus
1741 1377 1824 1423 con·

484 1457 604 1526 sistere
621 1465 737 1550 potest
753 1459 811 1550 (ci.
829 1463 1024 1528 comment.
1044 1465 1122 1528 Luc.
1143 1484 1180 1552 p.
1198 1463 1245 1544 9),
1262 1459 1298 1528 id
1313 1460 1408 1552 quod
1421 1460 1474 1529 Bl.
1494 1482 1633 1552 quoque
1647 1460 1823 1528 ostendit:

488 1591 504 1625 ν
521 1572 626 1634 Lucas
635 1574 754 1635 autem
764 1565 801 1633 in
814 1565 977 1635 vaticinio
993 1566 1158 1650 maximo,
1176 1568 1271 1659 quod
1284 1572 1463 1658 tantopere
1474 1571 1607 1655 urgent,
1621 1566 1709 1634 nihil
1719 1562 1825 1657 plane

484 1671 583 1769 addit
611 1672 704 1763 quod
729 1671 857 1740 nonin
878 1673 956 1763 ipsa
979 1673 1031 1741 rei
1049 1678 1176 1742 natura
1200 1674 1390 1742 necessario
1410 1672 1503 1744 insit.
1526 1676 1744 1760 Κνκλουμένην
1767 1684 1824 1742 ὑπὸ

485 1786 693 1868 στρατοπέδων
711 1780 916 1870 Ἰερουσαλήμ
930 1802 939 1850 :
955 1800 1044 1848 uum
1061 1780 1172 1847 everti
1184 1786 1322 1871 poterat
1338 1780 1421 1849 urbs
1435 1779 1501 1849 nisi
1515 1802 1577 1871 per
1591 1781 1725 1849 hostes?
1738 1801 1825 1848 num

484 1885 563 1976 capi
575 1884 621 1953 ab
637 1885 796 1953 hostibus
810 1884 884 1954 sine
899 1884 1104 1954 obsidione?
1117 1889 1287 1957 Πεσοῠνταν
1305 1892 1427 1973 στόματι
1446 1895 1596 1976 μαχαίρης
1614 1908 1622 1953 :
1644 1886 1731 1953 solet
1744 1908 1824 1976 pro·

484 1990 572 2059 fecto
585 1988 633 2058 its
646 1990 737 2059 fieri.
757 1994 819 2062 Kal
836 1993 1170 2081 ὰὶχμαλωτισθήσονται
1181 1995 1225 2075 εἷς
1238 1998 1335 2063 πάντα
1349 1995 1386 2064 τὰ
1398 2001 1467 2079 ἔθνη
1484 2014 1492 2059 :
1507 1991 1635 2083 captivi
1644 1991 1821 2073 venibant,

483 2096 616 2165 venditi
629 2094 668 2164 in
683 2119 803 2166 omues
816 2103 930 2166 terras
944 2098 1249 2189 dispergebantur.
1265 2102 1327 2169 Kal
1345 2099 1546 2189 Ἰερουσαλὴμ
1558 2108 1639 2168 ἔσται
1651 2109 1822 2184 rarescere

484 2214 539 2272 ici
559 2212 650 2273 ἐθνῶν
669 2228 677 2271 :
696 2204 887 2273 interiectis
903 2204 960 2273 vel
971 2205 1133 2274 abductis
1147 2204 1268 2274 incolis
1282 2211 1380 2274 erant
1396 2234 1413 2269 ν
1432 2211 1553 2292 gentes
1571 2231 1588 2266 ν
1603 2204 1714 2272 solum
1728 2203 1823 2272 urbis

483 2309 725 2401 occupaturi...
742 2316 870 2380 Locum
884 2311 1035 2380 Danielis
1054 2311 1164 2403 (936)
1180 2333 1250 2403 quo
1264 2315 1408 2380 utuntur
1424 2310 1609 2379 llatthoeus
1625 2317 1659 2378 et
1676 2316 1818 2392 Marcus,

482 2414 513 2483 si
533 2415 611 2508 quis
627 2416 813 2503 evolverit,
829 2417 947 2486 statim
969 2416 1103 2487 videbit
1126 2417 1178 2486 ibi
1198 2417 1318 2486 omnia
1332 2416 1521 2509 perscripta
1538 2428 1636 2502 esse,'
1648 2440 1737 2508 quae
1755 2422 1821 2485 Lu-

481 2545 557 2591 cam
575 2546 616 2591 ex
634 2546 696 2592 sua
716 2546 836 2593 rerum
858 2530 1037 2613 gestarum
1059 2523 1259 2614 cognitione
1282 2523 1455 2594 addidisse
1472 2528 1596 2615 putant
1611 2551 1627 2583 ν
1646 2522 1714 2614 (ed.
1733 2522 1817 2614 phil.

481 2651 516 2718 p.
530 2635 562 2698 t.
579 2631 626 2721 5).
638 2632 816 2698 Sententia
832 2635 883 2698 est
895 2623 1189 2722 probabilissima,
1201 2629 1276 2723 ipso
1287 2630 1355 2699 tine
1366 2630 1449 2698 libri
1460 2628 1562 2698 etiam
1579 2634 1713 2720 tempus
1726 2651 1820 2698 com-

481 2733 661 2824 positionis
675 2734 841 2821 indicari,
854 2736 880 2806 i.
897 2759 929 2807 e.
947 2758 1022 2806 esse
1041 2734 1209 2827 scriptum
1226 2756 1306 2803 mox
1325 2739 1403 2827 post
1422 2734 1599 2805 biennium
1615 2733 1820 2826 captivitatis

481 2840 666 2931 expletum.
687 2847 738 2910 lta
757 2847 894 2935 tempus
912 2842 1111 2934 scriptionis
1126 2841 1221 2912 haud
1238 2842 1385 2910 multum
1403 2843 1507 2911 distat
1527 2865 1549 2909 a
1570 2840 1698 2932 scripto
1720 2862 1820 2908 evan·

481 2946 573 3036 gelio
591 2954 626 3016 et
646 2948 865 3039 prooemium
892 2949 982 3018 illud
1005 2955 1060 3033 1,1
1081 2953 1204 3040 sponte
1224 2947 1312 3018 tluit.
1326 2952 1394 3018 Cur
1411 2955 1526 3017 autem
1546 2947 1614 3016 alia
1633 2948 1734 3039 plura
1749 2967 1819 3015 non

480 3052 669 3138 addiderit,
686 3053 821 3146 explica
835 3079 875 3124 ex
889 3055 966 3147 ipso
987 3054 1186 3147 scriptionis
1198 3059 1369 3146 tempore,
1389 3076 1430 3123 ex
1449 3053 1739 3122 demonstratione
1754 3075 1817 3144 pro

479 3181 541 3228 sua
565 3183 681 3230 rerum
705 3162 904 3250 cognitione
930 3159 1092 3230 absoluta
1115 3183 1124 3231 :
1148 3183 1219 3230 esse
1243 3160 1464 3250 evangelium
1486 3159 1648 3228 virtutem
1672 3159 1733 3228 Dei
1753 3183 1816 3251 pro

480 3266 641 3336 omnibus
661 3267 820 3360 illudque
844 3290 917 3337 esse
939 3267 1182 3359 praedicatum
1201 3269 1238 3336 in
1257 3266 1400 3350 iudaea,
1417 3267 1569 3335 &maria
1590 3272 1623 3334 et
1642 3288 1749 3356 usquc
1772 3266 1816 3333 ad

480 3372 642 3441 ultimum
659 3380 773 3443 terrae
798 3374 900 3465 (la).
920 3374 987 3443 Sed
1010 3397 1074 3448 cur
1098 3396 1171 3443 non
1189 3372 1325 3442 addidit
1348 3373 1491 3442 Paulum
1514 3394 1585 3441 esse
1609 3371 1817 3441 liberatum?

479 3478 563 3569 quia
585 3478 623 3547 id
643 3503 709 3571 pcr
724 3503 762 3548 se
785 3479 998 3570 intelligitur
1017 3480 1065 3549 ab
1085 3480 1127 3548 iis
1143 3478 1204 3571 qui
1225 3480 1348 3568 legunt
1368 3501 1377 3549 ε
1398 3478 1656 3548 mussitantem
1676 3478 1816 3548 biennio
1909 3474 1913 3479 ’

475 3589 552 3678 toto
576 3592 643 3655 etc.
671 3592 788 3669 28,30.
814 3592 875 3667 31;
902 3609 985 3655 eum
1008 3609 1080 3656 eme
1106 3585 1293 3655 liberatum
1323 3586 1349 3654 ii
1376 3585 1484 3677 probe
1514 3585 1666 3654 sciebant
1690 3585 1815 3676 quibus

479 3691 630 3782 scripsit3
645 3693 693 3761 eis
710 3698 847 3761 tautum
861 3692 1079 3764 narrandum
1095 3700 1170 3762 erat
1188 3714 1251 3785 per
1265 3691 1359 3784 quod
1373 3697 1507 3784 tempus
1522 3692 1684 3760 manserit
1698 3692 1733 3759 in
1753 3714 1813 3761 suo

477 3799 650 3892 conducto
671 3799 837 3868 laborans
854 3823 919 3891 pro
940 3799 1125 3889 evangelio
1139 3801 1215 3868 sine
1232 3797 1478 3891 prohibitione.
1496 3802 1583 3867 llaec
1601 3797 1645 3866 de
1659 3803 1814 3889 tempore

478 3907 623 3972 Actuum
650 3906 823 3974 sententia
845 3911 897 3976 est
918 3906 1027 3975 etiam
1053 3905 1137 3974 satis
1157 3905 1350 3974 communis
1374 3904 1433 3996 (ci.
1451 3905 1567 3973 Fetten
1585 3904 1611 3972 l.
1636 3926 1667 3973 c.
1688 3926 1723 3994 p.
1750 3910 1809 3984 233

480 4014 594 4079 lleruc
613 4009 772 4103 biblique
790 4017 877 4082 1895
898 4036 935 4105 p.
953 4012 1053 4104 999);
1078 4034 1156 4081 eam
1171 4013 1242 4080 iam
1262 4010 1406 4104 protulit
1426 4009 1649 4100 Hieronymus
1669 4010 1725 4099 (de
1747 4011 1810 4079 vir.

478 4116 529 4187 ill.
551 4118 600 4207 7),
617 4145 634 4182 ν
652 4118 777 4188 eadem
792 4119 881 4188 ratio
896 4118 1060 4211 plurimis
1078 4123 1198 4211 postea
1212 4116 1410 4211 placuit‚'et
1428 4117 1608 4186 manifesto
1625 4116 1811 4209 habetque

476 4245 512 4291 se
527 4224 751 4294 vehementer
764 4226 985 4295 commendet
1001 4255 1018 4290 »
1036 4224 1105 4318 (Bt.
1122 4250 1158 4318 p.
1180 4227 1229 4317 3).
1246 4224 1352 4294 Aliter
1365 4224 1422 4293 At.
1442 4223 1604 4313 Sctueser
1623 4225 1683 4315 qui
1708 4247 1812 4292 evan-

479 4330 609 4419 gelium
623 4337 733 4401 Lucae
747 4332 841 4401 intra
855 4355 912 4400 an.
930 4339 1036 4401 or-ro
1048 4332 1218 4423 scriptum
1232 4354 1304 4402 esse
1316 4337 1430 4401 censet
1444 4331 1494 4423 (p.
1508 4332 1683 4421 997999).
1697 4331 1812 4399 Varias

479 4435 709 4522 coniecturas,
733 4461 796 4508 cur
818 4444 926 4507 Lucas
947 4437 1082 4507 librum
1104 4438 1154 4508 ita
1176 4438 1320 4522 finierit,
1341 4438 1458 4508 videre
1486 4437 1612 4528 poteris
1633 4436 1670 4504 in
1697 4440 1810 4505 Revue

477 4542 634 4635 biblique
652 4544 739 4617 1895
753 4570 790 4638 p.
807 4545 1002 4632 33831nter
1018 4545 1104 4615 alias
1120 4545 1172 4613 ibi
1190 4543 1451 4615 commendatur
1462 4543 1548 4614 hacc
1563 4544 1649 4612 ratio
1664 4542 1810 4612 voluisse

478 4652 603 4718 Lucam
623 4659 755 4744 δευτέρῳ
772 4659 858 4744 λέγῳ
877 4651 1009 4739 addere
1026 4661 1125 4754 spires
1143 4658 1250 4743 λὸγσν.
1271 4662 1276 4672 “
1622 4675 1625 4680 ·
