4010 5474
1007 382 1072 426 νιν.
1095 362 1251 436 acm-sa.
1730 364 1789 422 sir
1891 322 1895 329 ’

464 519 539 586 iugi,
555 524 707 586 quominus
725 521 923 571 annuntiarem
943 529 1026 568 οιιιιιο
1041 530 1109 569 con·
1144 509 1232 583 ηιῖλει
1258 510 1341 561 πᾶσαν
1367 515 1412 573 τὴν
1431 505 1524 576 βουλὴν
1553 515 1598 562 τοῦ
1626 510 1690 565 θεοῦ
1716 511 1787 582 ίνμῖν.

464 609 560 662 siiium
575 611 628 662 Dei
641 609 734 659 vobis.
1181 601 1225 654 38.
1257 598 1391 671 προσέχετε
1424 592 1534 660 ίαυτοίς,
1564 597 1606 649 καί
1638 599 1714 654 παντί
1751 605 1790 673 τῷ

501 698 544 750 38.
564 695 708 748 Attendite
722 693 816 756 vobis,
835 697 864 745 et
882 696 1014 747 universo
1027 696 1109 761 gregi
1144 687 1252 762 ποιμνίῳ
1275 685 1300 740 ίν
1323 682 1346 759 ᾧ
1372 684 1435 757 όμᾶς
1460 684 1490 738 τὶν
1518 684 1620 755 Πνεῦμα
1646 685 1675 737 rb
1703 687 1789 758 Ἄγιον

463 789 569 850 inquo
587 796 639 833 vos
665 781 787 846 Spiritus
803 788 919 835 sanctus
935 785 1029 848 posuit
1052 784 1108 848 cpi·
1144 775 1213 831 ίόετο
1239 774 1400 843 ἐπισκόπους,
1419 773 1557 845 ποιμαίνειν
1581 771 1626 839 τὴν
1655 770 1791 830 ἔκκλησίαν

463 885 578 937 scopos,
594 883 695 934 regere
713 870 868 924 Ecclesiam
892 873 944 923 Dei
958 884 1043 936 quam
1057 884 1106 922 ac·
1143 868 1187 917 τοῦ
1212 863 1287 931 θεοῦ,
1309 864 1340 930 ἣν
1362 863 1553 934 περιεποιήσατο
1576 860 1617 914 td
1642 864 1687 915 τοῦ
1710 862 1792 933 aipa-

465 960 581 1026 quisivit
595 961 736 1025 sanguine
749 973 813 1013 suo.
829 961 872 1012 29.
888 960 949 1025 ego
963 961 1021 1010 scio
1035 972 1107 1023 quo·
1143 971 1184 1014 τυς
1197 955 1242 1006 τοῦ
1257 949 1330 1006 ίδίου.
1345 954 1389 1005 39.
1403 950 1455 1022 ἐγὼ
1468 950 1528 1003 σίδαι
1547 953 1588 1005 δτι
1606 950 1792 1005 εἰσελεύσονται

463 1049 539 1099 niam
558 1048 705 1100 intrabunt
719 1053 785 1114 post
799 1048 1000 1100 discessionem
1015 1059 1107 1098 meam
1144 1039 1207 1112 μετὰ
1242 1036 1288 1107 τὴν
1322 1035 1402 1110 ἄφιξίν
1439 1056 1487 1109 μου
1522 1037 1595 1093 itan
1630 1039 1714 1110 βαρεῖς
1752 1037 1788 1103 είς

461 1137 523 1201 lupi
556 1150 675 1202 rapaces
707 1139 737 1188 in
772 1124 838 1198 vos,
870 1149 927 1187 non
959 1118 1117 1200 parcentes
1142 1129 1220 1200 ίμοῖς,
1254 1126 1289 1201 μὴ
1319 1125 1461 1199 φειδόμενοι
1495 1129 1539 1179 τοῦ
1579 1128 1708 1199 ποιμνίου·
1741 1131 1786 1183 30.

461 1226 552 1290 gregi.
564 1225 609 1277 33.
622 1225 658 1277 Et
668 1239 703 1277 ex
713 1226 794 1277 vobis
809 1225 879 1287 ipsis
893 1228 1045 1288 exsurgent
1054 1225 1108 1275 viri
1142 1217 1185 1270 καί
1216 1216 1241 1281 it
1267 1216 1337 1288 δρῶν
1366 1213 1466 1287 (οὔτῶν)
1492 1213 1676 1282 ἀναστήσονται
1705 1217 1793 1286 ἅνδρες

367 1339 371 1346 ·
429 1308 431 1312 ’
460 1314 613 1379 loquentes
635 1324 784 1378 perversa,
805 1314 837 1363 ut
859 1311 1000 1365 abducant
1022 1313 1107 1364 disci·
1142 1304 1278 1368 λαλοῦντες
1300 1304 1495 1376 διεστραμμένα,
1519 1307 1563 1357 τοῦ
1588 1305 1704 1374 ἀποσπᾷν
1729 1304 1787 1367 rebe

461 1402 543 1466 pulos
557 1405 622 1466 post
635 1413 678 1452 se.
693 1400 738 1450 31.
755 1400 873 1465 Propter
887 1401 964 1466 quod
977 1402 1104 1466 vigilate,
1144 1391 1254 1465 pataria
1270 1391 1350 1447 drino
1372 1390 1475 1446 ἑαυτῶν·
1497 1395 1541 1447 di.
1563 1392 1602 1446 brt
1622 1394 1783 1464 γρηγορεῖτε,

460 1489 599 1540 memoria
620 1491 776 1541 retinentes
798 1491 933 1554 quonimn
951 1502 1003 1554 per
1018 1490 1107 1540 trien·
1144 1481 1340 1554 parvipendatur
1364 1482 1404 1534 δτι
1426 1481 1533 1552 τριιτίαν
1554 1480 1630 1533 νόκτα
1653 1481 1697 1533 καί
1724 1479 1787 1552 tpi-

460 1578 537 1628 nium
561 1582 646 1629 nocte
668 1582 699 1629 at
717 1576 838 1629 dienen
856 1579 966 1630 cessavi
982 1591 1046 1630 οιιιιι
1065 1578 1107 1628 ia·
1143 1590 1186 1640 ραν
1205 1570 1251 1625 oda
1272 1568 1416 1640 ἐπαυσάμην
1440 1568 1503 1639 μιτίι
1522 1568 1635 1641 δακρύων
1660 1570 1785 1623 νουθετῶν

461 1666 563 1730 crymis
585 1679 705 1718 monens
725 1679 956 1731 unumquemque
971 1667 1106 1722 veebum,
1144 1659 1189 1712 ίνα
1217 1660 1332 1713 ίκιιστον.
1695 1707 1698 1710 ⁴

496 1753 539 1805 32.
566 1754 602 1806 Et
627 1768 702 1806 nunc
725 1754 893 1806 commendo
916 1767 968 1806 vos
993 1755 1054 1806 Deo
1079 1759 1109 1806 et
1181 1751 1225 1803 32.
1251 1746 1295 1801 καί
1318 1745 1351 1801 rb
1384 1749 1428 1800 νῦν
1459 1746 1624 1818 ισιρατίθεμαι
1655 1745 1721 1818 ίιμᾶς
1749 1752 1788 1819 τῷ

462 1843 550 1894 verbo
568 1844 677 1907 gratiae
693 1844 796 1907 ipsius,
815 1844 864 1908 qui
878 1844 979 1907 potens
993 1849 1036 1894 eat
1056 1856 1107 1894 ae·
1144 1836 1225 1911 ίίυρίιρ
1257 1836 1301 1890 καί
1326 1840 1364 1909 τῷ
1395 1835 1468 1909 λόγῳ
1497 1837 1542 1902 τῆς
1568 1834 1670 1906 χάριτος
1698 1833 1788 1900 ettad.
1877 1879 1879 1884 ·

459 1929 584 1992 diiicare,
602 1937 631 1983 ct
648 1931 716 1983 dare
733 1931 937 1983 haereditatem
954 1933 983 1983 in
996 1932 1105 1983 sancti·
1143 1930 1179 1997 τῷ
1204 1925 1333 1999 δυναμίυῳ
1360 1924 1527 1997 οἰκοδομῆσαι
1550 1922 1593 1980 καί
1624 1923 1712 1976 δοῦναι
1741 1920 1787 1991 τὴν

459 2017 550 2071 ficetis
562 2020 703 2071 omnibus.
720 2019 766 2071 33.
781 2021 939 2084 Argentum
951 2021 979 2072 et
992 2032 1101 2084 aurum,
1142 2013 1307 2087 κληρονομίαν
1343 2012 1370 2069 ίν
1405 2015 1459 2076 τοῖς
1497 2011 1660 2086 ἡγιασμένοις
1700 2015 1786 2067 πᾶσιν.

458 2110 508 2158 aut
526 2111 634 2159 vestem
658 2109 764 2160 nullius
785 2110 1039 2174 concupiverant
1058 2108 1101 2160 ti.
1142 2104 1185 2159 33.
1220 2100 1337 2174 ἀργυρίου
1361 2101 1377 2168 ἢ
1406 2100 1509 2174 γρυσίου
1535 2100 1551 2167 ἢ
1582 2099 1719 2172 ίματισροῦ
1748 2099 1788 2153 οδ-

459 2196 518 2259 Ipsi
540 2197 620 2247 scitis
637 2208 644 2245 ε
663 2198 799 2261 quoniam
820 2196 856 2248 ad
877 2210 912 2249 ea
936 2209 1009 2262 quae
1033 2197 1103 2248 mibi
1139 2189 1209 2253 δινδς
1234 2187 1386 2262 ίπεόόμησα·
1412 2191 1456 2244 si.
1485 2187 1555 2242 αδτοί
1580 2189 1717 2261 γινώσκετε
1746 2190 1786 2241 ότι

451 2263 530 2348 'opus
544 2288 625 2335 erant
648 2288 676 2336 et
698 2285 743 2336 bis
757 2287 806 2349 qui
827 2298 937 2337 mecum
954 2290 1033 2347 aunt,
1049 2287 1104 2335 mi·
1139 2280 1195 2342 ταῖς
1205 2278 1300 2350 χρείαις
1313 2297 1362 2351 μου
1375 2276 1417 2331 καί
1430 2278 1484 2340 τοῖς
1496 2270 1553 2331 odor
1567 2274 1626 2348 μετ’
1642 2274 1705 2348 ίμοῦ
1718 2275 1785 2345 ότη-

457 2373 648 2424 nistravcrunt
676 2386 779 2424 manus
809 2374 890 2425 istae.
923 2373 967 2425 35.
1000 2373 1102 2425 Omnia
1138 2369 1242 2439 ρίτησαν
1256 2366 1283 2421 αί
1305 2367 1389 2442 χιῖρες
1406 2358 1490 2422 αὗται.
1511 2369 1554 2420 35.
1571 2366 1653 2420 πάντα
1671 2363 1785 2427 δπίδειξα
1887 2400 1893 2411 ·

457 2460 570 2512 ostendi
595 2461 690 2523 vobis,
714 2463 849 2527 quoniam
875 2465 917 2514 sic
943 2462 1103 2515 laborantes
1137 2454 1208 2525 ὓμῐν,
1234 2455 1274 2510 ὅτι
1297 2454 1376 2518 οὕτως
1397 2459 1536 2517 κοπιῶντας
1563 2453 1605 2507 δίῖ
1627 2451 1783 2525 hithe&-

457 2552 568 2612 oportet
581 2551 727 2613 suscipere
741 2550 879 2609 intirmos,
894 2563 928 2601 ac
941 2552 1102 2603 meminisse
1138 2543 1221 2598 υισόαι
1238 2549 1290 2597 τῶν
1308 2541 1490 2612 ίσόινοόντων,
1505 2542 1669 2614 μνημονεύειν
1684 2561 1711 2595 τε
1728 2548 1782 2596 τῶν

456 2636 535 2689 verbi
550 2637 664 2688 Domini
683 2639 762 2695 Iesu.
782 2641 916 2703 quoniam
934 2641 995 2703 ipse
1007 2637 1099 2691 dixit:
1136 2631 1222 2704 λόγων
1241 2634 1286 2686 τοῦ
1307 2630 1395 2703 Κυρίου
1415 2629 1515 2699 Ἰησοῦ,
1535 2631 1575 2684 δτι
1596 2628 1669 2692 αδτδς
1693 2627 1776 2696 εἶπεν,

459 2725 574 2776 Beatius
588 2730 632 2777 est
646 2728 738 2791 magis
749 2726 818 2778 dare
833 2740 918 2791 quam
932 2728 1067 2792 accipere.
1136 2720 1266 2793 Μαιτόριόν
1280 2718 1344 2774 ἔστιν
1358 2718 1458 2792 μᾶλλον
1472 2719 1567 2773 διδόναι
1581 2719 1598 2787 ἢ
1612 2716 1762 2791 λαμόάνειυ.

494 2812 536 2864 36.
564 2814 599 2864 Εί
627 2828 715 2879 quum
741 2817 811 2866 hacc
843 2816 974 2877 dixisset,
1001 2816 1101 2881 positis
1173 2812 1217 2866 33.
1237 2808 1285 2862 Καὶ
1304 2814 1380 2862 ταῦτα
1404 2805 1479 2862 ιίπδιν
1501 2808 1550 2871 trie
1573 2805 1603 2861 τίν
1621 2807 1719 2880 γόνατα
1740 2806 1782 2861 αὖ·

456 2903 576 2966 genibus
597 2904 657 2953 suis
680 2904 772 2953 oravit
793 2916 857 2954 cum
878 2904 1008 2956 omnibus
1031 2904 1098 2955 iliis.
1135 2901 1194 2967 τοῦ,
1209 2896 1255 2950 ουν
1273 2899 1347 2951 πᾶσιν
1366 2894 1451 2958 αδτοῖς
1469 2895 1634 2968 προσηιίξατο.
1654 2900 1699 2951 37.
1719 2894 1786 2949 Ἱκα-

456 2989 501 3040 37.
518 2989 639 3054 biagnus
656 2993 751 3041 autem
766 2989 850 3044 iictus
866 2990 958 3043 iactus
976 2996 1020 3043 est
1037 3004 1100 3043 om·
1135 2985 1178 3049 νδς
1198 2983 1226 3039 ti
1252 2984 1379 3057 κλαυίμδς
1403 2982 1503 3056 ίγίνετο
1525 2985 1636 3040 πάντων·
1663 2985 1707 3037 καί
1733 2983 1784 3039 ἔπι-

455 3079 549 3138 nium;
577 3085 605 3130 et
633 3078 853 3142 procumbentes
883 3092 969 3145 super
996 3080 1099 3132 coiium
1134 3075 1250 3137 πεσόντες
1284 3071 1325 3128 nn
1358 3073 1402 3128 τίν
1433 3072 1564 3147 τράχηλον
1598 3077 1644 3126 τοῦ
1680 3072 1782 3127 Παύλου

457 3165 551 3227 Pauli,
575 3166 776 3218 osculabantur
799 3179 875 3230 eum,
898 3167 943 3219 38.
966 3168 1099 3220 Dolentes
1134 3162 1280 3235 ιιαττρίλουν
1306 3160 1391 3217 oev-
1419 3165 1463 3218 38.
1489 3161 1644 3234 όδυνόιμινοι
1672 3161 1782 3234 μάλιστα

455 3255 578 3307 maxime
590 3256 620 3305 in
636 3256 733 3321 verbo,
744 3255 819 3321 quod
833 3256 953 3315 dixerat,
965 3259 1099 3321 quoniam
1134 3249 1175 3307 ίπί
1188 3256 1225 3324 τῷ
1238 3246 1347 3324 λόηῳῷ
1366 3248 1468 3322 ιίριίιιιι,
1487 3250 1526 3304 δτι
1546 3249 1627 3305 obtin
1647 3250 1782 3323 μέλλουσιν

455 3343 576 3405 atriplius
598 3343 699 3395 taciem
719 3346 781 3396 cius
805 3358 862 3396 non
884 3350 979 3398 essent
999 3346 1095 3397 visuri.
1134 3340 1164 3394 τδ
1183 3339 1315 3411 πρόσωπον
1340 3338 1415 3392 «droit
1438 3340 1550 3411 θεωρεῖν.
1573 3340 1732 3411 προόπεμπον
1756 3340 1783 3394 bt

454 3428 488 3479 Et
502 3430 679 3483 deducebant
693 3444 758 3483 cum
772 3432 808 3483 ad
823 3445 933 3485 navem.
1133 3427 1208 3484 αὐτδν
1231 3426 1266 3492 τίς
1286 3427 1316 3482 rb
1335 3426 1435 3484 πλοίου.

490 3714 521 3763 in
537 3726 565 3763 v.
586 3716 617 3765 33
633 3716 655 3765 Ι)
671 3711 842 3780 κετελίοντις,
854 3717 903 3780 gig
917 3728 970 3768 nos
988 3729 1055 3767 vero
1073 3714 1268 3767 descendimus
1286 3714 1323 3766 ad
1343 3727 1453 3768 navem.
1473 3716 1507 3776 ip
1523 3727 1549 3764 ν.
1563 3715 1603 3785 ib
1620 3716 1670 3780 gig
1686 3716 1780 3780 appii·

452 3804 561 3853 cuimus
577 3802 692 3854 Samum
712 3807 742 3855 ct
757 3808 904 3856 manentes
923 3807 952 3855 in
967 3804 1104 3870 'i'rogiiio;
1123 3805 1189 3857 item
1207 3819 1251 3854 κειι
1265 3818 1392 3872 μιιναντις
1410 3819 1436 3854 εν
1456 3798 1604 3872 τρωγυλλιω
1623 3803 1738 3854 DIILP
1753 3804 1781 3854 ai

452 3891 514 3954 pier
525 3893 571 3941 cat
584 3904 632 3954 syr
644 3890 709 3955 tutr)
723 3894 774 3943 sab
793 3892 851 3946 chr
864 3892 991 3958 Theopb.
1006 3892 1041 3944 In
1052 3907 1079 3943 ν.
1099 3893 1130 3944 iti
1144 3894 1168 3945 D
1183 3907 1279 3961 μηποτι
1298 3880 1391 3962 γευηδη
1411 3907 1478 3943 αυτιυ
1496 3906 1646 3961 ιιατασχεσις
1661 3907 1709 3952 τις,
1732 3894 1782 3956 gig

453 3985 481 4029 et
495 3978 677 4030 reverebatur
692 3992 728 4030 ne
743 3993 799 4044 qua
815 3992 894 4031 mors
906 3981 947 4032 iiii
963 3980 1051 4033 tieret.
1067 3982 1100 4032 ln
1118 3994 1146 4032 υ.
1162 3980 1194 4032 18
1209 3983 1232 4034 D
1247 3999 1282 4042 ως
1295 3995 1402 4049 τριετιαν
1416 3996 1432 4046 η
1447 3997 1489 4031 και
1501 3975 1588 4031 πλειον
1603 3995 1721 4039 ποταπως
1735 3977 1781 4048 pat

453 4083 523 4133 υμοιν
537 4083 568 4130 ην
583 4082 672 4125 παντυς
688 4082 792 4134 χρουου.
809 4068 842 4119 In
856 4082 884 4119 ι’.
900 4068 930 4119 ti
953 4069 977 4120 D
996 4066 1038 4118 δια
1053 4083 1097 4119 του
1115 4084 1199 4136 κυριου
1216 4084 1299 4137 ημιου,
1315 4068 1349 4119 ln
1368 4082 1396 4120 v.
1415 4069 1449 4120 ai
1471 4070 1521 4134 gig
1537 4069 1587 4120 scd
1603 4081 1654 4134 pro
1673 4070 1781 4121 nichilo

453 4158 553 4207 estimo
572 4157 696 4206 animam
715 4169 808 4207 meam
826 4169 890 4209 esse
908 4169 1001 4208 caram
1016 4158 1115 4219 michi;
1133 4159 1201 4209 item
1220 4156 1294 4220 Lcii;
1309 4158 1373 4222 Aug
1387 4170 1444 4209 non
1467 4157 1544 4209 enim
1562 4157 1635 4210 iacio
1656 4159 1782 4209 animam

453 4257 546 4295 meam
563 4246 716 4309 pretiosam
730 4243 814 4308 mibi;
830 4247 880 4309 gig
898 4258 983 4311 quam
1002 4257 1207 4298 consummare.
1223 4246 1257 4297 in
1267 4259 1295 4298 ν.
1312 4245 1346 4298 25
1364 4247 1414 4311 gig
1430 4257 1551 4311 regnum
1564 4246 1670 4298 domini
1686 4246 1779 4298 ihesu.

454 4332 486 4382 in
503 4346 530 4383 v.
551 4332 586 4384 33
605 4329 743 4396 εκκλησιαν
771 4348 816 4383 του
837 4331 895 4384 διον
913 4335 964 4390 κΒ
983 4335 1012 4399 μί
1036 4335 1146 4386 ιιιίιιιισο
1165 4335 1203 4400 pb
1224 4335 1294 4400 vulg
1314 4333 1372 4389 chr
1394 4333 1485 4400 Epipb
1510 4336 1566 4387 Bas
1588 4334 1700 4386 Ρσ-Αίίι
1725 4332 1782 4397 Cyr

452 4422 573 4472 antioch
589 4421 702 4474 Cacicst
716 4422 788 4473 Arnb
803 4422 901 4474 Orsies
915 4422 991 4473 Prim
1007 4422 1123 4488 Theopb
1131 4437 1139 4486 ;
1155 4438 1199 4475 του
1213 4439 1298 4493 αυριου
1312 4438 1354 4474 και
1367 4421 1424 4475 tros
1439 4419 1473 4475 0⁸
1491 4422 1574 4474 HLP
1588 4423 1616 4475 ai
1630 4423 1693 4487 pius
1713 4423 1777 4483 ¹¹03

452 4509 544 4560 solum
564 4525 607 4559 τον
628 4527 710 4578 κυρισυ
731 4509 864 4564 AC'DE
878 4525 925 4562 mu
944 4513 1053 4563 minusc
1072 4518 1116 4564 cat
1133 4514 1185 4565 aab
1199 4526 1253 4579 cop
1273 4525 1334 4565 arm
1351 4514 1401 4577 gig
1421 4511 1473 4563 Did
1493 4512 1559 4563 Atb.
1577 4511 1609 4562 in
1626 4525 1654 4562 v.
1676 4511 1710 4563 29
1728 4513 1781 4577 gig

451 4596 510 4660 lupi
525 4610 637 4660 graves.
654 4599 729 4650 inv.
747 4601 781 4652 33
796 4615 872 4668 κυριω
887 4600 924 4662 Β;
939 4602 988 4665 gig
1000 4598 1129 4663 domino;
1147 4602 1174 4652 al
1189 4599 1249 4654 δεον.
1264 4602 1339 4653 inv.
1356 4599 1389 4651 bt
1405 4600 1428 4651 D
1448 4615 1501 4658 ταις
1514 4615 1608 4668 sprung
1625 4615 1710 4667 πασιν,
1730 4602 1780 4666 gig

452 4686 666 4738 necessitatibus
680 4690 751 4739 meis
760 4689 901 4740 omnibus.
918 4688 951 4738 in
966 4701 993 4738 ν.
1009 4687 1042 4738 35
1058 4683 1108 4754 gig
1120 4690 1260 4743 sustinere
1274 4687 1415 4749 infirmos,
1428 4689 1495 4741 item
1510 4690 1560 4754 gig
1571 4690 1601 4741 in
1612 4701 1640 4739 υ.
1656 4688 1689 4739 37
1705 4700 1776 4740 con·

449 4772 614 4824 solabantur
629 4787 692 4826 eum
708 4786 738 4827 et
751 4777 780 4827 in
791 4791 819 4828 v.
836 4778 870 4829 33
884 4778 953 4844 σιτία
966 4776 1087 4841 amplius
1101 4791 1158 4830 non
1172 4779 1303 4832 videbitis
1315 4777 1416 4831 taciem
1428 4789 1530 4829 meam.
