4010 5474
986 407 1054 452 Aer.
1080 393 1240 468 ‘terrea
1719 397 1780 458 375

453 543 485 599 te
502 545 542 601 nt
560 557 779 627 eopnoseeres
799 536 1012 607 voluntatem
1031 540 1105 609 eius
1123 554 1156 611 et
1176 541 1308 613 videres
1322 544 1452 613 nestum
1470 556 1519 614 rev
1538 553 1648 616 timrei
1669 554 1779 616 iesum

449 640 545 725 3‚1t‘;
564 649 646 726 7,52
672 642 826 710 consulto
849 643 934 713 haec
957 669 1023 714 vox
1041 649 1126 739 poni
1146 650 1283 719 videtur
1306 650 1350 719 de
1373 657 1464 735 lesu,
1488 672 1593 740 quem
1612 652 1666 720 illi
1689 659 1779 721 tam-

451 768 556 836 quam
570 747 813 836 blasphemum
831 756 865 818 et
880 753 1136 824 malefactorem
1152 757 1425 827 condemnarant
1439 758 1545 849 etqui
1560 764 1676 825 tamen
1691 780 1780 826 unus

448 851 508 918 ille
526 851 647 918 eximie
665 851 777 921 iustus
794 878 878 946 prae
896 859 1059 927 omnihus
1075 868 1160 944 erat,
1177 886 1280 955 quern
1296 887 1399 933 nemo
1414 864 1561 933 alicuius
1574 865 1705 955 peccati
1723 886 1778 930 ar-

448 977 555 1043 guere
584 966 721 1048 poterat
745 966 779 1028 et
803 965 862 1054 qui
882 965 1159 1053 praeclarissima
1180 991 1201 1037 a
1226 974 1295 1038 Deo
1318 971 1471 1039 habebat
1495 971 1705 1039 testimonia.
1732 976 1779 1039 Ea

448 1060 551 1150 proin
576 1086 658 1133 voce
682 1066 814 1134 animos
837 1069 1040 1139 iudaeorum
1060 1073 1203 1163 percelli
1227 1076 1424 1167 oportebat3
1447 1088 1482 1144 et
1502 1075 1643 1143 audires
1662 1099 1777 1144 vocem

449 1190 491 1235 ee
519 1191 576 1237 ore
603 1170 694 1259 eins,
718 1195 750 1239 v.
779 1181 819 1242 15
844 1175 929 1265 qnia
951 1177 1018 1245 eris
1039 1179 1134 1249 testis
1158 1180 1255 1250 illias
1274 1181 1324 1251 cd
1342 1205 1458 1251 omnes
1480 1182 1636 1250 homines
1659 1206 1777 1250 eornm

448 1288 538 1365 qnae
558 1276 678 1345 vidisti
696 1290 729 1346 et
746 1279 879 1348 credisti
882 1301 898 1367 ‚·
918 1283 1060 1353 uberius
1074 1286 1186 1356 multo
1203 1311 1308 1379 quam
1320 1296 1402 1373 ,9,17
1421 1312 1511 1381 quac
1523 1291 1676 1357 Ananias
1691 1288 1778 1358 dixit

447 1379 505 1448 hic
523 1381 686 1471 explicari
704 1391 796 1452 recte
817 1409 853 1455 se
878 1387 985 1458 habet
1003 1391 1102 1483 (Bl.);
1123 1416 1158 1462 v.
1181 1401 1222 1462 16
1242 1408 1275 1464 et
1293 1418 1387 1464 nnnc
1403 1395 1494 1487 qnid
1506 1397 1676 1464 moraris?
1691 1396 1776 1486 quid

447 1487 638 1555 cunctaris?
660 1511 803 1582 essrnye
820 1505 853 1559 et
869 1496 1050 1585 baptizare
1068 1512 1101 1566 et
1117 1500 1217 1568 ablue
1227 1515 1373 1593 peecata
1389 1514 1449 1570 tna
1462 1503 1621 1570 invocato
1635 1502 1777 1569 nomine

445 1593 541 1675 Iesu,
556 1601 741 1687 postquam
767 1597 934 1668 invocasti
956 1625 1084 1673 nomen
1104 1611 1179 1675 lesu
1206 1607 1312 1677 fidem
1331 1610 1369 1677 in
1384 1631 1465 1677 cum
1483 1609 1675 1700 protessus,
1694 1630 1775 1677 eum

447 1696 596 1768 adorasti
620 1701 679 1791 (ci.
702 1709 799 1788 ηις
825 1712 918 1790 s,1t.
941 1709 995 1799 21)
1019 1716 1053 1779 et
1071 1716 1170 1781 Rom.
1194 1715 1482 1800 10‚13adlesum
1501 1715 1776 1783 referunturiila

443 1804 513 1871 ioel
539 1807 728 1897 prophetae
756 1810 800 1878 de
824 1811 927 1881 lahve
952 1817 1060 1884 verba
1085 1839 1093 1886 :
1117 1820 1229 1888 omnis
1248 1822 1309 1911 qui
1326 1820 1543 1890 invocaverit
1562 1844 1691 1891 nomen
1711 1825 1775 1889 Do-

442 1909 528 1977 mini
547 1912 659 1981 salvus
680 1914 759 1984 erit.
783 1921 921 1989 Monent
934 1921 971 1989 in
985 1921 1121 1993 duobus
1133 1925 1348 2018 imperativis
1362 1927 1615 1997 advertendum
1631 1950 1703 1996 csse
1715 1950 1775 1996 eos

442 2017 491 2083 ita
514 2038 555 2084 ex
575 2019 819 2113 Hebraeorum
831 2045 929 2094 more
946 2029 1129 2119 coniungi,
1148 2037 1187 2100 ut
1202 2034 1373 2124 posterior
1387 2034 1560 2123 significet
1573 2035 1660 2126 quid
1674 2056 1772 2103 secu·

442 2130 558 2189 turum
572 2126 627 2208 sit,
644 2127 672 2192 si
689 2127 750 2195 tiat
762 2129 800 2196 id
814 2131 907 2220 quod
923 2156 987 2223 per
1001 2136 1153 2227 priorem
1166 2139 1384 2230 exprimitnr;
1398 2140 1468 2209 hoc
1481 2141 1585 2209 tacite
1602 2146 1637 2208 et
1651 2140 1772 2208 vivetis

440 2228 463 2292 i.
486 2249 517 2295 e.
535 2228 565 2295 si
579 2230 646 2298 hoc
660 2232 810 2303 feceritis
825 2236 957 2306 vivetis.
977 2242 1072 2312 Unde
1089 2266 1097 2313 ε
1114 2245 1230 2337 recipe
1247 2245 1460 2339 baptismum
1475 2269 1545 2338 quo
1558 2247 1771 2316 munderisa

440 2325 589 2422 pe‘ccatis
604 2336 710 2426 (Beel.
728 2343 823 2409 Patr.
838 2342 961 2436 ren.);
978 2347 1021 2416 ct.
1038 2354 1130 2432 naa.

482 2440 537 2508 Uti
555 2442 641 2510 alias
662 2443 719 2535 (ci.
741 2450 870 2540 wit),
887 2449 935 2520 ita
950 2453 1007 2521 hic
1022 2478 1160 2547 quoque
1176 2460 1337 2544 refertur,
1354 2459 1450 2551 quod
1463 2459 1501 2528 in
1515 2460 1634 2551 priore
1648 2481 1768 2528 narra-

440 2544 533 2614 tione
552 2570 622 2616 non
642 2556 995 2643 commemorabatur;
1017 2584 1050 2629 v.
1073 2569 1113 2631 17
1133 2565 1268 2655 factum
1285 2580 1334 2634 est
1347 2580 1465 2634 certem
1483 2566 1668 2634 revertenti
1680 2565 1770 2633 mihi

439 2651 477 2718 in
498 2654 685 2723 lenientem
706 2659 812 2748 (936.
833 2662 904 2733 Gal.
926 2668 1017 2755 1‚18)
1032 2680 1066 2735 et
1080 2671 1197 2739 oranti
1210 2671 1249 2739 in
1265 2671 1404 2765 templo,
1416 2694 1478 2755 en,
1494 2673 1666 2741 honorem
1680 2678 1767 2740 tern-

437 2757 504 2846 pli,
525 2760 594 2828 loci
611 2763 791 2848 orationis,
813 2791 955 2858 prorsus
970 2775 1144 2860 agnoscit,
1160 2776 1241 2867 fieri
1252 2801 1305 2846 me
1320 2779 1358 2846 in
1371 2791 1511 2871 stupore
1525 2779 1662 2864 mentis,
1680 2777 1766 2847 ceci·

438 2862 489 2931 dit
511 2887 712 2956 supereum
734 2874 874 2942 exstasis
891 2875 1027 2968 (Beda),
1048 2903 1082 2949 v.
1107 2889 1147 2951 18
1164 2897 1197 2952 et
1214 2884 1327 2953 videre
1342 2885 1444 2954 illum
1462 2884 1633 2954 dicentem
1648 2884 1738 2953 mihi
1752 2907 1765 2953 .·

432 2969 566 3058 sestina
585 2985 618 3040 et
636 2975 695 3042 eei
708 2976 870 3047 uelociter
883 3004 925 3049 en
938 2985 1136 3072 Ierenalem,
1156 2991 1324 3080 qnoniam
1341 3014 1413 3060 reon
1427 2991 1596 3083 recipient
1610 2992 1764 3060 testimo·

436 3074 536 3142 nircm
559 3090 657 3146 terrem
676 3080 719 3148 de
742 3106 796 3150 me
801 3105 816 3168 ;
835 3087 959 3157 Paulus
977 3098 1092 3160 autem
1111 3116 1175 3185 pro
1193 3118 1255 3164 suo
1267 3097 1306 3165 in
1322 3099 1466 3167 iudaeos
1479 3120 1599 3166 amore
1619 3098 1764 3189 opponit

436 3181 593 3269 Domino,
610 3188 785 3275 quomodo
799 3195 989 3263 secundum
1009 3198 1201 3270 humanum
1218 3203 1394 3292 cogitandi
1410 3204 1554 3273 modum
1565 3203 1639 3295 ipse
1655 3225 1761 3294 quam

434 3288 631 3376 aptissimos
653 3292 697 3360 sit
715 3294 760 3361 ad
780 3297 920 3368 ludaeos
944 3302 1075 3373 Christo
1099 3306 1319 3379 adducendos
1335 3333 1368 3381 v.
1393 3317 1434 3380 ¹9
1451 3323 1484 3378 et
1498 3333 1562 3403 epo
1578 3310 1657 3378 diei
1671 3332 1685 3376 .·
1699 3314 1762 3377 De-

434 3391 542 3479 mine,
568 3395 635 3486 ipsi
655 3401 769 3467 sciunt
789 3404 874 3493 qnia
892 3427 955 3497 eqo
978 3431 1075 3479 eram
1092 3413 1299 3484 concludens
1317 3417 1353 3485 in
1373 3440 1544 3486 carcerem
1563 3428 1596 3485 et
1615 3416 1761 3485 caedens

429 3518 497 3588 per
516 3524 716 3594 synuqopes
741 3514 833 3597 δέρων
855 3519 952 3595 5,ao;
968 3514 1005 3584 in
1022 3522 1208 3610 synagogis
1222 3523 1292 3591 suis
1310 3524 1539 3612 flagellabunt
1552 3547 1612 3593 vos
1629 3524 1756 3612 (naath.

437 3609 570 3697 10‚17);
596 3619 758 3701 poterant
780 3617 872 3684 enim
891 3620 993 3689 etiam
1014 3625 1187 3718 principes
1208 3651 1467 3719 synagogarum
1485 3631 1657 3700 eiusmodi
1676 3653 1760 3721 por-

435 3735 515 3780 nam
532 3725 650 3785 contra
664 3720 807 3789 luriacos
821 3725 977 3797 scelestos
990 3729 1176 3802 decernere
1190 3736 1244 3821 (ct.
1262 3736 1411 3805 Selene-er
1424 3742 1451 3806 li
1472 3761 1507 3829 p.
1526 3740 1606 3825 527)
1622 3744 1657 3807 et
1671 3743 1759 3807 Sau-

435 3818 488 3885 lus
508 3821 647 3890 videtur
667 3829 817 3915 potuisse
840 3832 1071 3920 flagellatione
1094 3839 1218 3928 punire
1235 3847 1400 3933 potestate
1413 3867 1436 3913 a
1454 3844 1616 3934 synedrio
1633 3844 1758 3912 collata

434 3924 481 4007 (v.
507 3926 556 4015 5),
580 3951 612 3996 v.
632 3936 675 3997 20
690 3945 723 3997 et
741 3957 819 4002 enm
831 3937 1038 4024 funderetur
1056 3945 1203 4036 sanquis
1213 3947 1383 4039 Stephani
1394 3951 1487 4019 testis
1501 3950 1565 4038 tni,
1583 3973 1649 4041 eqo
1663 3965 1757 4019 esta·

433 4030 509 4097 bam
525 4044 558 4099 et
572 4039 822 4108 consentiebam
840 4056 874 4111 et
888 4047 1121 4118 custodiebam
1135 4053 1336 4123 vestimenta
1350 4055 1635 4147 interficientium
1656 4056 1757 4125 illam

432 4138 558 4227 (7,5*1);
587 4141 681 4209 unde
703 4166 831 4233 magno
852 4150 966 4220 studio
988 4156 1149 4247 explicat,
1177 4180 1213 4227 se
1242 4160 1400 4230 habitum
1427 4162 1472 4231 iri
1493 4162 1588 4255 apud
1614 4164 1758 4232 ludaeos

430 4248 550 4311 testem
570 4250 644 4315 iesu
663 4251 759 4318 omni
778 4258 975 4347 exceptione
995 4262 1178 4351 maiorem,
1199 4267 1330 4359 qnippe
1347 4267 1409 4359 qui
1425 4268 1530 4339 inerit
1542 4275 1648 4337 antea
1660 4290 1757 4336 acer·

431 4348 538 4418 rimus
560 4364 760 4443 perscrutor
785 4360 954 4433 fidelium.
981 4371 1018 4434 in
1038 4392 1108 4460 qua
1125 4375 1348 4464 responsione
1363 4375 1468 4467 plane
1480 4374 1758 4466 deprehenditur

429 4452 488 4521 ille
514 4457 650 4528 animus
669 4465 818 4554 apostoli
837 4491 940 4559 quem
954 4475 1051 4543 Rom.
1073 4482 1189 4561 s,1-5;
1209 4487 1320 4566 11,1a.
1339 4488 1380 4551 n
1395 4480 1531 4573 pandit.
1546 4485 1673 4551 Verum
1692 4482 1756 4551 eia

430 4559 563 4631 Christo
587 4565 676 4636 alius
693 4591 838 4663 campus
859 4575 987 4646 laboris
1005 4581 1103 4671 isque
1125 4583 1229 4674 longe
1252 4587 1362 4656 maior
1387 4588 1583 4677 assignatur
1602 4611 1637 4659 v.
1661 4596 1701 4658 21
1723 4601 1756 4658 et

341 4726 343 4732 ,
430 4663 518 4733 dizit
535 4668 585 4736 ed
600 4694 654 4739 me
674 4696 686 4741 :
707 4677 809 4764 vnde,
832 4683 998 4772 qnoniam
1012 4708 1075 4777 eqo
1091 4688 1129 4757 in
1143 4691 1302 4761 nationes
1320 4692 1423 4785 lonqe
1437 4694 1574 4763 mittem
1592 4707 1645 4782 te‚·
1658 4696 1703 4764 ct
1720 4704 1753 4779 9,

431 4779 489 4857 ¹53
517 4780 632 4860 26,st
664 4787 718 4850 18.
741 4790 820 4854 Post
838 4810 916 4857 eam
936 4793 1054 4884 itaque
1072 4798 1206 4867 Domini
1224 4799 1496 4891 apparitionem,
1517 4824 1598 4870 cum
1611 4803 1757 4871 Helleni·
