4092 5490
1062 373 1131 417 aer.
1154 358 1238 428 tat.
1755 365 1813 426 255

485 508 673 579 necessario
688 509 867 577 oriebatur
880 504 1031 595 suspicio
1045 505 1133 587 fore,
1148 511 1190 573 ut
1203 526 1268 573 sua
1279 506 1373 573 natio
1382 505 1486 595 plane
1498 508 1542 575 ab
1556 507 1599 576 iis
1611 510 1815 581 obrueretur

485 620 519 684 ct
531 638 659 685 nomen
671 615 810 684 celebre
825 610 930 679 lsrael
949 610 1174 680 multitudiue
1199 610 1513 681 ethnico-fidelium
1527 615 1813 702 exstingueretur.

484 723 577 792 Unde
592 723 635 789 de
650 722 724 787 eius
736 715 879 785 nomine
907 739 948 786 ac
967 716 1111 786 natione
1130 719 1368 788 conservanda
1385 721 1609 810 cogitandum
1628 743 1699 790 esse
1720 724 1817 791 etad

482 828 519 896 id
543 824 761 908 enitendum,
780 825 886 892 etiam
907 823 951 892 iis
969 829 1109 916 poterat
1129 826 1240 894 videri
1262 827 1510 911 necessarium,
1533 829 1593 919 qui
1614 827 1698 896 olim
1726 830 1815 896 Petri

482 931 672 1001 narrationi
694 931 953 1024 acquieverant.
974 937 1101 999 Verum
1118 931 1265 1000 minime
1284 932 1511 1001 omittendum
1531 938 1599 1017 est,
1622 939 1815 1025 atempore

481 1039 714 1107 conversionis
726 1038 877 1108 Cornelii
888 1036 977 1105 alios
991 1059 1133 1127 quoque
1145 1039 1273 1106 multos
1284 1038 1322 1107 in
1336 1040 1422 1108 urbe
1435 1038 1613 1108 accesisse
1622 1038 1668 1106 ad
1682 1040 1811 1125 fideles,

480 1146 686 1230 sacerdotes,
704 1144 918 1237 pharisaeos,
936 1144 1171 1211 aemulatores
1189 1143 1293 1232 legis,
1311 1147 1373 1235 qui
1387 1151 1511 1232 gentes
1531 1146 1736 1237 simpliciter
1753 1146 1812 1215 ad-

480 1253 571 1321 mitti
585 1274 681 1344 posse
695 1249 847 1319 nonsibi
865 1248 1135 1341 persuadebant.
1154 1252 1220 1316 Pro
1241 1272 1311 1340 qua
1325 1251 1485 1341 opinione
1504 1275 1692 1344 provocare
1713 1260 1811 1345 pote-

479 1364 559 1428 rant
573 1358 617 1427 ad
637 1358 744 1426 verba
760 1356 885 1424 Christi
903 1377 911 1425 ε
927 1378 999 1424 non
1020 1356 1097 1424 veni
1122 1354 1255 1424 solvere
1277 1356 1409 1444 legem;
1429 1358 1499 1425 iota
1519 1380 1627 1427 unum
1641 1366 1702 1427 aut
1721 1383 1809 1429 rmus

479 1488 564 1555 apex
581 1485 653 1531 non
672 1462 878 1555 praeteribit
894 1484 916 1530 a
930 1463 1024 1551 lege3
1046 1484 1118 1530 non
1141 1468 1192 1531 est
1215 1463 1346 1532 bonum
1366 1486 1501 1533 sumere
1516 1487 1642 1555 panem
1658 1466 1808 1534 filiorum

479 1576 512 1640 et
527 1555 662 1639 mittere
678 1569 823 1639 canibus
837 1575 902 1640 etc.
918 1575 958 1639 Et
972 1575 1155 1660 praeterea
1173 1569 1217 1637 de
1231 1592 1273 1638 ea
1289 1571 1504 1661 quaestione,
1524 1579 1707 1663 possentne
1726 1594 1809 1660 gen·

477 1683 529 1746 tes
540 1677 676 1746 admitti
687 1677 733 1746 ad
745 1677 916 1773 populum
932 1675 994 1743 uei
1009 1681 1042 1743 et
1055 1698 1205 1764 regnum
1225 1676 1436 1745 messianum
1451 1680 1526 1746 sine
1540 1678 1627 1767 legis
1642 1679 1808 1748 mosaicae

478 1784 715 1853 observatione
729 1782 886 1853 christus
900 1782 992 1851 nihil
1010 1781 1219 1866 declaravit3
1236 1783 1347 1851 multa
1361 1790 1475 1852 autem
1494 1784 1582 1871 legis
1599 1791 1725 1854 statuta
1744 1809 1808 1876 pro

476 1896 630 1983 tempore
642 1895 783 1958 aeterno
800 1889 883 1958 data
899 1910 988 1972 esse,
1005 1888 1090 1979 ipsis
1104 1887 1222 1956 verbis
1238 1887 1328 1977 legis
1347 1889 1569 1958 suadebatur.
1585 1892 1679 1958 Unde
1695 1914 1734 1958 ex
1749 1915 1809 1959 sa-

477 1999 583 2066 nitate
597 1995 782 2078 nationali,
796 2017 838 2064 er
860 1993 950 2083 legis
963 1993 1097 2078 verbis,
1119 2017 1160 2064 ex
1174 1994 1335 2087 plurimis
1349 1996 1420 2064 illis
1437 1996 1525 2084 legis
1542 1997 1809 2066 aemulatoribus

476 2103 537 2194 qui
550 2108 627 2193 post
641 2103 902 2170 conversionem
919 2100 1069 2170 Gemelli
1083 2100 1128 2169 ad
1144 2101 1325 2170 ecelesiam
1344 2107 1556 2172 amesserant
1569 2104 1731 2171 facillime
1751 2128 1808 2172 ex·

475 2210 624 2300 plicatur
639 2208 737 2297 origo
752 2207 1015 2300 disceptationis
1027 2205 1070 2275 de
1082 2207 1268 2295 legalibus.
1286 2208 1338 2275 Ad
1352 2228 1523 2277 amessum
1535 2209 1676 2277 illorum
1689 2232 1808 2279 aeniu-

475 2318 626 2385 latorum
644 2316 732 2403 legis
748 2316 852 2384 etiam
873 2313 1001 2384 Weizs.
1020 2315 1144 2382 merito
1158 2312 1397 2404 quaestionem
1411 2315 1515 2384 refert
1536 2316 1581 2407 (p.
1601 2318 1691 2408 tet).
1710 2324 1749 2386 Et
1764 2318 1806 2386 de

474 2423 517 2492 iis
533 2422 657 2491 Paulus
686 2420 787 2491 valde
811 2444 930 2490 severe
950 2420 1108 2512 loquitur
1127 2420 1200 2491 Gal.
1231 2427 1290 2506 zi
1305 2444 1364 2490 eos
1383 2444 1509 2491 vocans
1528 2423 1807 2493 subintroductos

385 2556 387 2559 ·
475 2529 711 2598 falsosfratres
722 2525 1081 2618 quisnbintroierunt,
1093 2535 1132 2596 ut
1142 2529 1456 2596 nosinservitutcm
1470 2529 1680 2616 redigerent.
1696 2536 1806 2609 Quare

474 2636 601 2703 mirum
610 2640 659 2704 est
673 2634 851 2725 quomodo
865 2634 966 2725 Hilq.
983 2638 1149 2724 quaerat:
1167 2634 1343 2725 quomodo
1357 2634 1512 2724 quaestio
1526 2634 1611 2703 haec
1624 2635 1666 2703 de
1680 2638 1806 2704 admis-

473 2743 569 2811 sione
584 2744 740 2830 gentium
758 2740 834 2811 sine
853 2738 1118 2809 circumcisione
1137 2740 1264 2808 deferri
1279 2745 1412 2831 poterat
1429 2741 1474 2809 ad
1497 2742 1612 2810 forum
1633 2744 1807 2833 apostolo-

474 2872 568 2934 rum,
585 2848 614 2916 si
623 2848 766 2917 offensio
781 2848 843 2916 illa
854 2848 926 2915 iam
938 2847 1075 2916 dudum
1090 2852 1165 2915 erat
1180 2852 1312 2915 remota
1330 2869 1393 2938 per
1410 2852 1547 2916 Petrum
1567 2855 1601 2916 et
1613 2870 1676 2940 per
1690 2850 1806 2918 fideles

475 2957 581 3047 (11,3.
603 2956 679 3046 18)?
691 2954 785 3023 unde
798 2954 933 3022 clarum
948 2974 1021 3021 esse
1036 2957 1150 3043 putat,
1173 2974 1254 3021 eum
1268 2953 1330 3043 qui
1345 2952 1388 3021 de
1402 2954 1467 3021 hac
1481 2955 1682 3045 quaestione
1696 2960 1804 3047 scrip-

473 3061 555 3130 serit
566 3068 642 3144 15‚1
659 3083 732 3150 seq.
748 3059 840 3127 nihil
864 3059 1003 3127 scivisse
1026 3057 1069 3127 de
1083 3060 1307 3127 conversione
1321 3060 1468 3128 Gomelii
1493 3068 1527 3129 et
1548 3062 1590 3130 de
1605 3063 1647 3129 iis
1662 3086 1751 3152 cquae
1765 3086 1805 3131 ex

474 3190 514 3236 ea
528 3173 710 3236 consecuta
721 3189 793 3235 esse
805 3188 912 3257 supra
924 3170 1107 3234 narratum
1119 3166 1175 3234 sit.
1190 3167 1291 3244 Quasi
1305 3188 1368 3256 per
1381 3172 1691 3259 totannossemper
1701 3170 1805 3237 iidem

472 3275 508 3342 in
523 3272 608 3342 urbe
623 3274 751 3342 fuerint
766 3272 903 3356 fideles,
923 3293 1028 3341 nemo
1039 3271 1232 3356 accesserit,
1246 3293 1476 3343 nemorcrum
1493 3275 1723 3344 conditionem
1735 3300 1806 3345 esse

473 3386 641 3449 mutatam
655 3380 842 3471 putaverit.
1074 3456 1078 3465 ‚
1424 3394 1432 3412 ·

517 3482 750 3556 lnlerusalem
764 3486 936 3555 eiusmodi
950 3485 1183 3555 aemulatores
1197 3484 1285 3575 legis
1299 3487 1418 3568 fuisse,
1434 3510 1473 3555 ex
1492 3488 1564 3556 Gal.
1589 3495 1656 3572 ΞΑ.
1682 3500 1701 3557 5
1725 3514 1802 3558 ceu·

471 3597 566 3663 stnt'.
587 3598 649 3662 Eos
672 3593 776 3662 etiam
790 3593 830 3660 in
846 3593 1067 3661 Antiochiam
1087 3592 1295 3684 pervenisse,
1315 3594 1419 3662 etiam
1440 3592 1510 3662 iam
1529 3617 1569 3662 ex
1591 3597 1735 3686 epistola
1759 3599 1803 3665 ad

471 3701 607 3770 Galatas
616 3699 735 3788 colligi
750 3706 876 3791 potest.
892 3705 978 3768 Cum
995 3698 1089 3769 enim
1114 3700 1290 3790 apostolus
1311 3699 1403 3768 dicat
1416 3723 1451 3769 se
1465 3702 1653 3770 secundum
1674 3704 1800 3773 revela·

471 3809 599 3876 tionem
615 3805 818 3876 Antiochiae
839 3813 1018 3897 acceptam
1034 3805 1227 3875 ascendisse
1245 3806 1283 3874 in
1297 3807 1432 3891 urbem,
1447 3830 1487 3876 eo
1501 3808 1577 3899 ipso
1592 3810 1804 3881 turbationes

470 3913 671 3982 Antiochiae
685 3913 792 3981 factas
806 3912 959 3999 indicat;
976 3912 1039 3982 sed
1056 3935 1120 4004 per
1143 3934 1231 4002 quos
1248 3913 1330 3981 illae
1351 3913 1478 3982 fiebant
1500 3916 1563 3983 nisi
1584 3938 1645 4006 per
1662 3940 1719 3985 eos
1747 3921 1807 4008 qui

502 4151 524 4197 ¹.
543 4145 652 4210 oportet
672 4143 808 4195 attendere
826 4156 906 4208 quam
922 4146 995 4194 arcte
1014 4143 1078 4195 haec
1097 4146 1153 4194 tots
1167 4145 1283 4196 narratio
1301 4145 1434 4197 cohaereat
1453 4159 1512 4197 rum
1529 4145 1573 4197 illa
1588 4149 1639 4200 Gal.
1659 4159 1694 4213 gt
1712 4168 1764 4218 seq.
1780 4162 1805 4208 et

467 4225 597 4293 quomodo
615 4225 663 4277 hae
679 4223 747 4275 duae
765 4223 928 4275 mustiones
947 4222 1016 4276 inter
1034 4235 1063 4274 se
1076 4222 1223 4286 illustrent,
1244 4225 1385 4291 explicent,
1405 4225 1550 4290 suppleant.
1565 4231 1651 4293 Nuper
1669 4233 1734 4284 euim
1754 4251 1804 4288 non

467 4305 598 4359 dubitavit
614 4304 656 4356 vir
670 4304 765 4356 doetus
783 4316 877 4368 negare
890 4303 948 4356 Gal.
965 4307 1005 4364 2,f
1022 4303 1114 4355 referri
1128 4316 1206 4369 posse
1221 4304 1256 4355 ad
1270 4308 1324 4355 Act.
1341 4308 1475 4370 ft.1seq.;
1491 4306 1637 4358 immorant
1654 4314 1806 4367 sententiani

468 4387 542 4450 plane
556 4398 690 4437 erroneam
704 4397 761 4437 esse
779 4383 916 4436 contendit
930 4382 974 4448 (cf.
990 4382 1117 4434 liatbolik
1134 4388 1196 4435 tans
1213 4385 1262 4449 lp.
1277 4387 1331 4434 ⁴26.
1350 4384 1416 4448 itt).
1434 4387 1491 4449 lpse
1505 4385 1561 4438 Gal.
1577 4392 1590 4436 2
1609 4387 1688 4441 refert
1703 4392 1734 4441 ad
1749 4400 1802 4446 Act.

470 4471 556 4529 tt,30;
571 4466 598 4516 ld
611 4464 683 4532 quod
703 4477 840 4531 perperam
861 4462 917 4515 feri
936 4463 988 4514 iarn
1005 4477 1036 4515 eo
1056 4463 1206 4516 ostenditur
1222 4463 1284 4529 qula
1302 4462 1336 4513 lbl
1351 4464 1446 4516 Paulus
1463 4479 1514 4516 non
1532 4479 1590 4516 eum
1605 4471 1743 4538 apostolis,
1760 4478 1803 4527 scd

467 4546 550 4598 solum
565 4558 625 4597 cum
643 4545 801 4611 presbyteris
819 4543 973 4597 convenisse
996 4547 1023 4597 et
1040 4544 1126 4609 agisse
1142 4543 1307 4611 perhibetnr3
1327 4557 1386 4596 nam
1407 4545 1430 4596 si
1449 4543 1543 4597 adsunt
1562 4549 1686 4612 apostoli,
1708 4554 1733 4605 iu
1747 4562 1802 4608 act.

466 4627 545 4680 etiam
563 4626 730 4677 nominantur
747 4624 827 4677 simul
850 4639 910 4678 cnm
932 4624 1095 4692 presbyteris
1117 4623 1296 4690 (senlodbush
1321 4623 1359 4676 lta
1381 4630 1443 4687 toa.
1466 4632 1489 4676 t.
1513 4633 1552 4678 22.
1578 4634 1617 4678 23.
1641 4632 1705 4695 (lig
1733 4640 1801 4697 16‚l;

466 4706 537 4759 unde
557 4706 650 4758 merito
673 4705 850 4768 mecludltur,
873 4705 897 4758 si
920 4706 1006 4759 solum
1027 4704 1170 4772 presbyteri
1195 4704 1329 4772 (maiores)
1350 4711 1594 4768 commemorantur,
1611 4714 1742 4775 apostoles
1768 4733 1800 4771 nc

464 4786 577 4840 adfuisse
587 4784 703 4853 quidem.
