4010 5474
132 356 135 360 Δ
256 372 317 432 364
791 392 860 437 ιιι.
882 377 1043 452 essem.

256 522 350 588 huuc
364 541 502 588 sensum
523 522 695 613 exprimit,
715 523 806 613 quod
824 523 972 592 adducet
990 523 1160 592 sacrificia
1178 544 1268 614 quae
1285 519 1459 589 adducere
1479 522 1583 591 debet

256 626 448 713 nemmem,
463 627 603 719 quando
616 627 778 695 tondetur
790 631 943 716 tempore
962 628 1176 695 nasiraeatus
1192 628 1366 718 completo
1390 626 1457 718 (uti
1475 627 1585 695 verba

254 732 316 801 illa
338 734 556 803 llaimonides
574 732 732 822 explicat;
758 731 800 799 cl.
819 737 916 801 tract.
933 748 993 798 'rtis
1010 739 1085 817 a‚5;
1109 733 1344 802 Succubusius
1363 737 1409 802 lll
1428 757 1464 824 p.
1488 731 1581 822 152).

255 845 362 920 Quem
392 859 523 907 morem
550 836 586 902 in
616 857 679 903 usu
706 835 807 904 luisse
833 837 994 928 loscpbecs
1020 857 1160 929 quoque
1186 843 1332 905 testatur
1361 861 1511 907 narrans
1538 838 1583 907 de

255 945 412 1035 Agrippa
432 965 440 1011 :
461 940 618 1009 victimas
632 941 823 1009 immolavit
841 942 890 1010 ita
907 950 946 1012 ut
964 943 1056 1012 nihil
1077 964 1099 1011 a
1121 942 1201 1031 lege
1222 944 1476 1033 praescriptum
1495 944 1582 1013 omi·

254 1051 353 1133 serit,
366 1049 461 1115 unde
480 1054 515 1114 et
534 1045 659 1114 multos
676 1047 906 1115 rauracorum
921 1048 1058 1119 tonderi
1076 1049 1254 1140 praecepit
1273 1048 1432 1138 (ξυρᾶσθαι
1445 1056 1579 1134 διέταξε,
1684 1097 1689 1104 -

253 1154 370 1244 Antiq.
388 1157 521 1237 19,e,1;
535 1153 580 1221 cf.
597 1152 680 1220 Bell.
695 1152 767 1222 iud.
786 1154 929 1244 2,15‚l).

298 1264 368 1328 llac
390 1260 525 1329 ratione
547 1259 655 1347 igitur
665 1251 789 1350 'palam
808 1260 984 1328 declarare
1007 1268 1145 1352 poterat
1165 1261 1292 1330 Paulus
1316 1262 1580 1331 venerationem

252 1365 341 1454 legis
356 1388 366 1433 ι
385 1379 419 1434 et
436 1365 545 1434 scient
563 1387 679 1433 omnes
692 1365 776 1455 quio
790 1387 878 1455 quoe
891 1364 933 1433 de
947 1356 1182 1435 tc'oudierunt
1195 1366 1296 1455 salsa
1307 1379 1388 1435 suat
1401 1373 1487 1437 οὐδέν
1502 1376 1580 1437 ἐστιν
1675 1359 1678 1363 ’

253 1471 343 1541 nihil
364 1494 487 1540 revera
515 1476 582 1554 est;
611 1471 713 1562 proin
739 1493 820 1539 eum
843 1493 1061 1563 nequaquam
1090 1495 1163 1541 esse
1186 1480 1465 1563 contemptorem
1493 1474 1581 1561 legis

253 1600 366 1668 neque
380 1578 467 1646 alios
485 1578 531 1645 ad
546 1577 878 1668 legiscontemptum
892 1577 1073 1663 inducere,
1090 1578 1153 1647 sed
1164 1579 1322 1647 ambulas
1332 1591 1366 1646 ct
1380 1578 1453 1669 ipse
1467 1590 1581 1647 custo·

254 1684 352 1752 dicas
362 1683 492 1773 leyen&
505 1683 619 1771 legem
633 1704 768 1773 semper
777 1691 811 1751 et
824 1683 953 1774 ubique
967 1675 1103 1759 aPaulo
1113 1684 1302 1766 observem,
1316 1683 1511 1775 utiqueilla
1523 1707 1580 1752 ac·

255 1789 349 1858 tione
362 1810 476 1878 neque
494 1787 661 1879 probatur
671 1810 782 1878 neque
795 1789 833 1858 id
843 1776 999 1858 asserere
1009 1791 1129 1858 volunt
1139 1789 1353 1881 presbyteri3
1365 1811 1488 1858 verum
1498 1811 1580 1858 con-

255 1902 309 1963 tra
331 1894 543 1962 calumniam
568 1915 723 1985 sparsam
741 1894 983 1963 ostendebatur
999 1896 1061 1965 illa
1076 1897 1212 1965 actione
1227 1895 1426 1986 apostolum
1440 1916 1578 1963 servare

129 2065 147 2102 ,Δ
254 2002 386 2088 legem,
403 2000 682 2090 quotiescumque
695 2000 825 2069 occasio
842 2024 901 2069 seu
915 2001 1045 2070 utilitas
1058 2001 1209 2071 aliorum
1222 2000 1262 2069 id
1277 2001 1451 2090 exigebat.
1466 2004 1578 2070 Unum

253 2106 370 2196 itaque
385 2105 478 2197 qnod
496 2106 602 2174 Paulo
620 2127 699 2174 cum
720 2107 904 2176 offensione
922 2108 1175 2176 aemulatorum
1188 2107 1279 2196 legis
1292 2106 1528 2176 obiiciebatur
1539 2111 1580 2174 ut

115 2227 119 2251 ¹
253 2218 448 2280 removeret
460 2211 652 2281 suadebant
662 2211 840 2295 addentes,
857 2212 906 2280 uti
917 2213 955 2281 in
969 2212 1079 2281 altera
1096 2213 1244 2282 lectione
1258 2208 1386 2282 clarius
1400 2213 1576 2282 habetur:

252 2318 346 2409 quod
360 2317 453 2387 enim
472 2322 604 2408 spectat
620 2317 738 2387 fideles
751 2340 790 2386 er
808 2318 971 2407 gentibus
987 2341 1057 2388 non
1072 2319 1203 2388 habent
1216 2318 1313 2411 qood
1327 2318 1447 2388 dicant
1459 2326 1580 2387 eontra

251 2432 305 2508 te3
326 2446 390 2492 nos
413 2422 507 2491 enim
523 2423 734 2515 scripsimus;
751 2424 843 2493 idem
860 2427 940 2493 satis
957 2424 1133 2494 indicatur
1146 2447 1179 2492 v.
1199 2430 1243 2493 25
1259 2423 1304 2493 de
1316 2423 1373 2493 isis
1386 2437 1504 2494 cutem
1516 2425 1581 2516 qui

252 2528 473 2598 crediderunt
488 2552 532 2598 ec
542 2531 703 2621 pentibus
716 2552 777 2598 nos
789 2530 987 2622 scripsimus
999 2529 1204 2617 iudicantes,
1222 2542 1261 2598 ut
1277 2529 1477 2600 abstineant
1488 2552 1525 2599 sc
1535 2532 1580 2599 ub

253 2635 358 2704 idolis
376 2637 553 2705 immolato
573 2649 606 2704 ct
624 2638 791 2729 sanquine
810 2651 845 2705 et
861 2637 1029 2730 suffocato
1052 2649 1085 2705 et
1107 2636 1342 2728 fornicatione
1346 2658 1364 2725 ,·
1381 2637 1523 2707 additur
1539 2637 1579 2705 in

253 2741 362 2810 altera
383 2742 530 2811 lectione
556 2742 651 2835 quod
673 2743 717 2810 ad
742 2764 814 2812 rem
839 2744 978 2811 omnino
1001 2742 1149 2833 pertinet
1172 2764 1182 2813 ε
1203 2741 1397 2812 iudicantes
1422 2749 1462 2811 ut
1486 2742 1576 2811 nihil

252 2849 322 2916 tale
346 2848 544 2933 observent,
566 2848 632 2918 nisi
654 2856 694 2919 ut
717 2850 908 2918 abstineant
932 2856 995 2918 etc.
1019 2850 1062 2918 cf.
1089 2855 1203 2933 15‚20.
1227 2855 1284 2918 29.
1309 2848 1412 2918 Proin
1440 2848 1577 2917 nullam

252 2976 350 3046 posse
367 2954 444 3023 fieri
464 2954 639 3024 affirmant
655 2956 953 3046 reprehensionem
974 2953 1069 3023 Pauli
1088 2976 1130 3023 eo
1148 2955 1244 3046 qood
1261 2954 1383 3024 fideles
1400 2975 1442 3024 ex
1459 2953 1576 3044 genti·

253 3060 319 3128 bus
331 3082 404 3129 non
415 3061 539 3130 doceat
554 3062 643 3149 legis
656 3060 856 3129 custodiam.

297 3166 363 3235 Sed
384 3166 537 3236 clamant
559 3194 576 3229 ιι
600 3166 710 3236 critici
737 3194 753 3227 a
780 3190 788 3233 :
813 3187 1032 3257 nequaquam
1054 3165 1132 3234 ficri
1155 3167 1283 3257 potuit,
1307 3172 1347 3234 ut
1367 3166 1493 3235 Paulus
1515 3165 1578 3234 tali

253 3272 396 3341 consilio
414 3272 647 3363 acquiesceret
666 3271 809 3362 (Weiss.
828 3272 924 3363 Hilq.
945 3272 1007 3363 qui
1024 3276 1126 3362 putat
1144 3270 1238 3341 idem
1258 3294 1330 3341 esse
1347 3272 1436 3341 acsi
1454 3270 1579 3341 Lethe·

230 3444 234 3452 .
253 3400 312 3446 rus
327 3378 365 3446 in
380 3378 447 3447 fine
463 3380 555 3447 vitae
569 3378 741 3447 diceretur
760 3378 939 3468 pecuniam
959 3375 1093 3445 dedisse
1111 3375 1157 3446 ad
1174 3377 1288 3447 Mimas
1305 3376 1575 3469 persolvendas).

253 3489 377 3554 Verum
392 3485 449 3554 isti
466 3486 608 3554 minime
620 3484 836 3576 perpendunt
851 3482 886 3551 id
900 3482 993 3575 quod
1007 3483 1081 3574 ipse
1095 3483 1220 3552 Paulus
1232 3482 1277 3552 de
1288 3506 1326 3552 se
1342 3484 1519 3553 allirmat:
1541 3490 1576 3551 et

253 3593 361 3660 factus
373 3614 450 3661 sum
468 3591 604 3660 ludaeis
623 3598 796 3680 tamquam
814 3588 958 3658 Iudaeus
972 3595 1011 3656 ut
1024 3588 1167 3658 ludaeos
1184 3588 1351 3674 lucrarer,
1366 3589 1412 3657 iis
1430 3588 1492 3680 qui
1510 3589 1576 3658 sub

251 3697 329 3786 lege
347 3704 445 3782 sunt,
466 3699 565 3788 quasi
587 3696 652 3765 sub
673 3695 749 3783 lege
767 3716 874 3763 essem
895 3696 926 3786 (1
943 3698 1019 3762 Gor.
1036 3699 1129 3777 9,20.
1148 3694 1226 3785 21);
1247 3694 1460 3785 quae-verba
1480 3701 1574 3764 corte

251 3825 322 3872 non
338 3804 465 3871 frustra
481 3801 646 3871 dicuntur
663 3801 708 3869 ab
721 3820 778 3881 co;
798 3801 868 3869 iam
886 3799 971 3891 quid
985 3798 1081 3869 uliud
1098 3801 1313 3889 significant,
1326 3799 1394 3868 nisi
1406 3822 1443 3869 sc
1456 3800 1573 3890 legem

250 3908 438 3991 custodire,
455 3908 485 3977 si
499 3931 570 4001 qua
585 3907 714 3978 utilitas
727 3929 790 3999 pro
802 3907 845 3975 iis
857 3906 917 3998 qui
932 3905 1089 3994 sublege
1106 3927 1143 3975 sa
1160 3928 1235 3975 csse
1247 3905 1477 3999 profiteantur
1489 3904 1575 3976 inde

251 4015 405 4084 eluceat?
420 4018 530 4094 Quare
544 4013 696 4084 saniores
708 4013 818 4082 critici
831 4013 1025 4083 concedunt
1036 4010 1127 4081 nibil
1138 4011 1307 4103 postulari
1321 4035 1345 4080 a
1358 4011 1465 4080 Paulo
1479 4010 1576 4104 quod

249 4124 325 4214 ipsc
339 4126 511 4214 praestare
527 4138 596 4189 non
612 4127 724 4213 posset
739 4121 796 4212 (cl.
820 4117 969 4207 Weadt).
986 4117 1080 4198 Quod
1093 4119 1123 4186 si
1135 4123 1253 4187 autem
1266 4117 1377 4210 aliqui
1396 4116 1574 4208 (Selom,

260 4214 397 4321 Wendt)
415 4251 449 4296 v.
470 4234 514 4297 25
528 4250 548 4297 e
564 4233 657 4297 textu
676 4249 851 4296 removere
863 4226 983 4295 volunt
1000 4224 1098 4316 quasi
1111 4222 1262 4294 alienum
1283 4247 1305 4294 a
1323 4230 1502 4306 mntextu,
1518 4245 1577 4291 ve-

251 4337 434 4405 hementer
460 4342 594 4418 errant3
623 4332 731 4401 altera
755 4333 899 4402 lectione
928 4332 1019 4402 clare
1048 4331 1191 4400 effertur
1220 4351 1326 4421 quam
1352 4329 1507 4421 apposite
1536 4329 1575 4398 id

252 4465 391 4535 quoqne
407 4442 629 4531 adiungatur.
645 4438 683 4508 ld
700 4439 810 4508 solnm
828 4460 955 4527 negare
971 4443 1084 4530 potest
1094 4437 1171 4528 qui,
1188 4435 1278 4504 siem
1298 4435 1443 4523 Weiss„
1460 4457 1576 4528 neque

251 4549 428 4619 decretum
447 4548 614 4618 eiusmodi
629 4566 779 4638 unquam
792 4544 953 4614 exstitisse
965 4566 1078 4636 neque
1090 4541 1120 4612 si
1132 4541 1266 4611 editum
1280 4549 1369 4612 esset
1382 4542 1455 4612 ullo
1470 4549 1574 4634 pacto

113 4732 116 4737 ,
252 4657 401 4747 potuisse
415 4679 438 4726 a
450 4655 556 4726 Paulo
571 4654 681 4746 accipi
694 4653 863 4744 perfracte
878 4672 1026 4721 emerere
1040 4649 1158 4719 audet.
