4054 5442
272 342 332 403 ⁴02
839 358 906 404 scr.
927 342 1031 416 2437.

273 503 368 576 Πίσῃ
386 489 580 558 secundum
606 491 750 559 alteram
774 489 957 558 lectionem
980 495 1026 559 td
1047 493 1252 578 Δρούσιλλαν,
1271 489 1384 577 potest
1406 490 1594 577 utrumque

271 618 393 665 verum
423 617 495 664 esse
523 595 625 687 (Bl.)'·
660 617 742 663 nam
770 594 949 662 mulierem
975 596 1081 663 Paulo
1108 594 1215 662 luisse
1249 592 1395 661 maxime
1420 591 1593 658 infensam

270 708 414 796 propter
438 710 633 771 sermonem
654 700 697 767 de
711 699 864 766 castitate
883 700 958 788 quis
968 699 1138 786 negabit?
1155 698 1258 789 proin
1273 721 1314 766 ex
1331 703 1478 790 utraque
1495 702 1594 787 parte

271 816 388 879 Festus
407 810 453 878 ad
474 806 681 875 iniustitiam
702 804 797 871 illam
820 804 1042 871 vehementer
1069 803 1299 870 inducebatur
1323 803 1455 894 (Bata).
1478 806 1594 894 Neque

270 923 388 984 tamen
398 913 607 989 ludaeorum
616 909 704 975 iram
720 915 753 975 et
760 908 1009 976 accusationem
1022 907 1155 995 effugit.
1174 910 1259 974 Nam
1266 909 1437 997 primores
1449 910 1592 978 iudaeo-

269 1043 349 1090 rum
364 1023 563 1086 Caesaream
578 1013 803 1082 incolentium
814 1018 956 1082 Romam
965 1012 1110 1105 proiecti
1118 1017 1238 1082 contra
1250 1033 1329 1080 enm
1337 1015 1592 1083 accusationem

196 1115 199 1119 ’
268 1125 508 1203 instituerunt,
524 1126 559 1187 et
577 1119 725 1188 dedisset
741 1120 882 1188 omnino
898 1116 1024 1211 poenas
1047 1119 1269 1202 iniuriarum,
1286 1117 1353 1186 nisi
1371 1123 1459 1186 Nero
1479 1122 1592 1209 preci-

268 1232 336 1298 bus
349 1226 515 1295 Pallantis
527 1226 644 1317 fratris
659 1228 748 1310 eius,
763 1227 909 1318 quitum
925 1227 1070 1294 maxime
1092 1225 1184 1317 apud
1199 1247 1277 1294 eum
1296 1226 1334 1293 in
1349 1224 1482 1292 honore
1503 1232 1588 1307 erat,

268 1334 378 1404 multa
393 1332 595 1402 indulsisset
611 1333 737 1424 (antiq.
754 1333 899 1421 20,8,9).

310 1530 483 1593 Arbitrarie
507 1546 525 1591 e
547 1532 637 1590 textu
661 1532 823 1606 tamquam
844 1527 1123 1606 interpolationem
1153 1524 1260 1587 Ocerb.
1285 1524 1375 1607 Hilp.
1405 1531 1593 1607 expungunt

269 1648 301 1691 v.
311 1630 401 1690 17-21
415 1626 474 1688 :ad
483 1625 562 1704 qnid
571 1625 632 1686 iste
643 1624 767 1687 reditus
779 1625 819 1686 ad
829 1625 1078 1700 accusationem,
1087 1640 1163 1685 cum
1173 1621 1361 1685 iamomnas
1370 1618 1592 1686 accusationes

269 1725 427 1787 refutatae
441 1722 527 1783 sinti
540 1721 576 1782 ld
589 1721 668 1782 ialso
680 1722 779 1783 asseri
793 1731 825 1783 et
834 1728 955 1801 partem
967 1722 1047 1783 hano
1057 1721 1267 1783 necessariam
1277 1738 1347 1783 esse
1358 1720 1397 1782 ad
1411 1721 1592 1783 orationem

269 1819 402 1883 Tertulli
417 1817 643 1892 refellendam,
659 1835 756 1897 supra
770 1818 830 1879 iam
846 1822 1009 1880 ostensum
1024 1822 1083 1880 est.
1099 1815 1187 1898 Hilg.
1204 1817 1283 1880 haee
1293 1818 1406 1881 abesse
1421 1816 1503 1893 vult,
1516 1816 1593 1896 quia

270 1935 369 1999 supra
389 1917 488 1979 etiam
510 1917 615 1987 aina.
638 1917 688 1976 24.
709 1916 749 1975 26
770 1918 802 1976 et
821 1916 1031 1988 22,30·23,10.
1051 1916 1101 1976 28.
1125 1914 1228 1976 eiecit.
1248 1917 1418 1977 Praeterea
1430 1914 1542 1976 obiicit
1556 1913 1592 1975 in

269 2036 300 2078 v.
318 2019 355 2078 ii
372 2014 509 2076 Paulum
523 2012 607 2075 velie
620 2011 750 2074 venisse
765 2012 797 2073 in
809 2012 938 2084 urbem,
955 2029 1019 2074 non
1034 2016 1070 2074 ut
1082 2011 1240 2085 adoraret,
1255 2016 1353 2093 prout
1367 2011 1463 2073 modo
1476 2012 1593 2073 dixerit

269 2117 379 2189 enit,
398 2110 456 2174 sed
475 2115 511 2173 ut
529 2110 749 2189 eleemosynas
770 2127 828 2189 pro
847 2113 941 2189 gente
957 2110 1086 2172 oiierrat
1106 2114 1139 2171 et
1155 2109 1345 2172 oblationes.
1364 2109 1488 2172 Pariter
1503 2109 1593 2173 eiicit

269 2228 300 2271 v.
316 2210 367 2280 25,
385 2225 451 2287 quc
471 2210 639 2269 contextus
657 2207 920 2287 interrumpatur.
937 2208 1021 2269 Ilaec
1036 2207 1134 2269 asseri
1155 2206 1224 2269 sine
1244 2207 1370 2270 ratione
1390 2205 1589 2278 sufficiente,

268 2323 308 2369 eo
323 2305 432 2365 minus
445 2304 635 2383 probatione
649 2303 788 2382 indiget,
804 2304 881 2382 quia
897 2304 993 2365 etiam
1011 2304 1202 2383 interpretes
1217 2307 1433 2382 protestantes
1460 2298 1590 2380 Wendt,

276 2400 373 2465 Weiss
388 2418 444 2463 eos
459 2401 547 2463 iocos
564 2404 697 2462 tuentur
716 2404 749 2463 et
765 2389 876 2462 contra
894 2400 1027 2461 nimiam
1046 2399 1210 2462 licentiam
1230 2400 1376 2463 criticam
1397 2398 1590 2462 detendunt.

269 2500 383 2563 Solum
404 2498 551 2570 adverte,
573 2515 654 2560 num
676 2497 778 2578 possit
799 2497 879 2559 iilud
903 2497 943 2559 de
968 2496 1093 2559 iudaeis
1116 2496 1233 2559 asianis
1254 2516 1285 2558 v.
1312 2500 1351 2561 ie
1374 2497 1512 2560 abesse?
1532 2514 1592 2560 eur

269 2601 378 2677 sperat
392 2596 479 2658 Felix
494 2595 666 2675 pecuniam
677 2611 696 2656 a
709 2596 806 2658 Paulo
815 2613 850 2658 se
864 2595 1088 2673 accepturum?
1100 2595 1174 2674 quia
1188 2594 1314 2659 audivit
1323 2595 1363 2657 de
1376 2593 1592 2675 eleemosynis

269 2713 289 2755 a
303 2692 403 2765 Paulo
418 2692 548 2754 allatisi

651 2881 812 2945 tipario·
826 2893 941 2935 coram
955 2880 1054 2935 Festo
1068 2879 1216 2947 ast-aa.

305 3050 381 3113 tt‚i.
407 3050 509 3103 Festus
534 3061 604 3114 ergo
627 3061 715 3112 quum
737 3051 862 3100 venisset
883 3051 913 3100 in
986 3048 1058 3115 ted.
1081 3044 1183 3112 Φῆστος
1202 3038 1258 3110 ote,
1283 3042 1367 3106 lentie
1392 3046 1426 3117 xii
1453 3044 1588 3118 ίπσρχσίᾳ,

270 3140 461 3205 provinciam,
478 3140 543 3204 post
557 3136 681 3188 triduum
695 3136 822 3189 aseendit
836 3137 914 3189 iero·
950 3131 1012 3203 prat
1041 3134 1107 3204 σρσίς
1133 3131 1227 3206 ἡρίρσς
1252 3131 1327 3201 aleten
1358 3131 1392 3196 είς
1426 3130 1591 3205 ’ίιρσσίλορι

269 3228 409 3293 solymam
437 3240 455 3278 a
485 3225 636 3279 Caesarea.
666 3225 694 3277 λ.
722 3224 914 3291 adieruntque
949 3219 998 3274 dat
1029 3219 1183 3293 ίίσισσρσίσς.
1212 3225 1242 3280 2.
1277 3220 1421 3292 ίνιράνισάν
1457 3239 1485 3276 το
1521 3220 1591 3294 atad

269 3330 336 3371 eum
354 3317 499 3382 principes
517 3314 695 3366 saceraotem
714 3319 744 3367 et
762 3316 844 3380 primi
866 3313 913 3365 lu·
949 3308 973 3361 οί
1001 3307 1126 3384 ίρχιιρςῖς
1150 3308 1194 3363 καί
1214 3308 1241 3364 οί
1263 3315 1359 3383 πρῶτος
1385 3315 1436 3365 τῶν
1460 3310 1590 3363 Ἰουδαίων

269 3405 406 3458 dacorum
428 3403 566 3455 adversus
580 3402 715 3464 Paulum,
731 3406 759 3453 et
777 3402 913 3467 rogabant
949 3396 1012 3451 aare
1031 3401 1074 3451 τοῦ
1097 3397 1197 3453 Πσίλοο
1215 3398 1258 3452 art
1278 3397 1436 3471 σιρσκίλοοσ
1454 3397 1542 3470 airis,
1562 3402 1588 3454 3.

259 3506 352 3556 eum,
378 3493 404 3544 3.
429 3492 610 3544 postulantes
632 3492 751 3556 gratiam
780 3490 914 3543 adversus
950 3484 1091 3559 circipani
1105 3483 1590 3560 χάρινσστάίσοῦ,ίσωςρστσν.ίρψη·

269 3593 350 3642 eum,
366 3583 398 3631 ut
412 3581 523 3633 luberet
541 3579 655 3645 perduci
670 3590 735 3631 eum
754 3579 782 3629 lu
802 3578 913 3631 ierusa-
950 3592 990 3627 τσο
1009 3572 1083 3629 οὗτοί
1095 3572 1129 3636 ale
1149 3572 1326 3647 Ἰερουσαλὴμ,
1344 3573 1445 3647 ίνίδρσν
1463 3579 1591 3638 ποιοῦντος

268 3672 341 3731 iem,
365 3669 485 3721 insidias
505 3669 655 3720 tendentes
677 3674 709 3719 ut
727 3666 914 3719 interficerent
950 3661 1049 3717 ἁνιλιίν
1067 3661 1141 3717 αὑτὸν
1159 3662 1224 3718 aare
1240 3661 1288 3730 tis
1304 3663 1374 3719 tter.
1395 3667 1424 3722 t.
1447 3662 1463 3718 ί
1481 3664 1527 3736 pla
1545 3660 1590 3719 etv

269 3771 335 3812 cum
355 3759 385 3809 ln
403 3759 460 3809 vta.
483 3757 510 3809 t.
532 3757 631 3810 Festus
654 3761 748 3808 autem
770 3755 913 3819 respondit
948 3750 1050 3817 Φῆστος
1066 3747 1199 3823 ἀπεκρίθη,
1219 3754 1350 3823 appetetur
1371 3754 1416 3807 ets
1435 3752 1538 3809 Παῦλον
1556 3753 1591 3817 σίς

268 3846 377 3900 servm
398 3846 519 3897 Paulum
544 3848 573 3897 in
593 3845 746 3905 Caesarea,
768 3855 799 3895 se
820 3850 912 3895 autem
949 3837 1106 3911 Ιίσισσρσίαν,
1119 3837 1207 3894 tauris
1224 3840 1253 3895 tt
1266 3840 1369 3913 ρίλλιιν
1387 3841 1414 3896 lv
1427 3842 1501 3914 τάχει
1514 3840 1591 3897 laxo-

270 3934 408 3985 maturlus
429 3933 630 3999 proiecturum.
656 3933 682 3983 5.
709 3932 763 3992 Qui
791 3943 859 3996 ergo
883 3931 913 3982 in
948 3928 1071 3998 patretur·
1095 3932 1121 3983 5.
1141 3926 1173 3981 ei
1195 3923 1241 3983 civ
1259 3927 1286 3984 lv
1304 3928 1375 4001 ίρῖν,
1394 3931 1469 4002 φησί,
1488 3930 1591 3986 δυνατοί

270 4021 351 4073 robis
369 4017 427 4086 (ait)
450 4027 581 4086 potentes
607 4020 687 4081 srrnt,
712 4019 913 4072 descendentes
949 4016 1157 4085 σονκσσσίσντσς,
1190 4016 1218 4072 rl
1239 4018 1265 4072 τί
1294 4017 1358 4072 lctis
1392 4018 1418 4072 ἐν
1450 4024 1489 4092 τῷ
1518 4018 1590 4091 δνορὶ

269 4109 370 4171 simul,
386 4107 502 4173 siquod
517 4114 560 4160 est
575 4111 604 4158 in
618 4109 679 4160 viro
693 4110 812 4170 crimen,
828 4120 911 4160 aecu-
949 4105 1040 4160 ίτοπον
1058 4107 1275 4178 σσσηγορσίτωσσν
1292 4107 1378 4163 ciret.

270 4199 334 4250 seut
348 4208 425 4248 eum.
984 4198 1010 4250 e.
1043 4195 1173 4268 Διατρίψας
1202 4195 1229 4251 dl
1262 4196 1289 4250 la
1320 4195 1403 4260 αὑτοῖς
1431 4196 1525 4268 ἡρίρσς
1560 4196 1590 4251 οὗ

306 4284 334 4337 d.
358 4285 529 4338 Demaratus
555 4289 651 4336 autem
677 4287 751 4337 inter
777 4298 827 4337 eos
853 4286 913 4337 dias
947 4281 1063 4348 σλιίονσς
1084 4283 1151 4339 ὀκτὼ
1172 4285 1189 4353 ἡ
1212 4284 1284 4353 ttae,
1303 4284 1415 4350 ισσσίὶς
1439 4284 1472 4348 ιίς
1494 4285 1590 4341 Κοσσί-

269 4387 327 4426 non
349 4374 472 4439 amplius
492 4385 578 4438 quam
593 4376 657 4425 octo
672 4376 721 4424 aut
735 4372 846 4436 decem,
861 4374 912 4426 de·
947 4388 1026 4442 ρεισν,
1048 4380 1081 4446 τῇ
1099 4371 1214 4446 ίοιίριον
1230 4374 1333 4438 antica<
1355 4372 1396 4429 ixl
1412 4379 1458 4431 τοῦ
1476 4375 1590 4448 βήματος

269 4462 380 4515 scandit
390 4463 571 4522 Caesaream,
580 4463 608 4513 et
620 4461 762 4513 aiteradie
776 4462 847 4514 sedit
860 4475 911 4527 pro
946 4458 1071 4515 tannae
1093 4460 1138 4515 rto
1160 4461 1260 4516 Παῦλον
1284 4461 1403 4537 ἀχθῆναι.
1428 4468 1444 4520 ί
1475 4484 1589 4538 sapapa-

270 4551 418 4613 tribunali,
440 4557 469 4602 et
497 4551 580 4602 iussit
603 4550 719 4601 Paulum
748 4550 857 4601 adduci.
883 4550 909 4602 7.
947 4551 1050 4621 νορίνου
1081 4548 1109 4604 dl
1140 4547 1230 4620 ciret,
1260 4552 1422 4623 περιίστησιν
1454 4552 1530 4609 cleta
1562 4553 1590 4609 cl

270 4639 325 4700 Qui
344 4652 431 4704 quum
443 4638 596 4704 perductus
615 4644 705 4701 esset,
720 4640 910 4691 circumstete-
946 4635 995 4692 det
1021 4634 1202 4711 Ἱσροσολίρωσ
1229 4639 1425 4709 mesenatae:
1452 4643 1584 4713 Ἰουδαία,

242 4733 336 4780 ‘runt
358 4740 423 4781 eum
442 4729 491 4794 qui
515 4728 550 4779 ab
570 4728 743 4793 ierosolyma
761 4728 910 4781 descende·
945 4724 1029 4781 πολλὰ
1058 4727 1103 4782 καί
1133 4727 1210 4800 βσρίσ
1240 4727 1380 4803 σίτσοίρστσ
1409 4734 1587 4805 σοοσοίροντσς
