4010 5474
1071 420 1137 465 scr.
1162 404 1264 473 lala.
1763 404 1820 466 281

503 553 671 643 probant,
692 579 747 623 res
768 541 850 622 vero
873 554 950 643 ipsa
973 538 1104 618 certum
1132 556 1293 640 praestat.
1315 553 1437 619 Paulus
1457 553 1622 620 Aemilius
1643 556 1823 623 subactam

502 662 736 729 Macedonium
759 662 796 726 in
817 663 966 748 quatuor
986 662 1102 747 partes
1120 656 1253 739 divisit;
1281 657 1414 749 primae
1432 658 1555 749 partis,
1579 659 1614 724 in
1636 681 1705 747 qua
1725 665 1826 728 erant

502 767 674 858 Philippi,
702 770 806 854 eaput
832 763 913 831 iecit
932 786 1003 832 nou
1021 765 1113 832 hanc
1131 764 1270 845 urbem,
1295 765 1354 833 sed
1373 765 1605 856 Amphipolim
1623 764 1753 852 (Livius
1767 770 1822 848 ts,

502 874 572 961 29).
588 870 703 938 Prima
717 870 803 938 haec
814 871 1030 939 Macedoniae
1043 873 1138 960 pars¹
1155 873 1264 960 posita
1278 877 1351 939 erat
1362 873 1450 938 inter
1468 872 1588 940 fluvios
1606 875 1824 959 Strymonem

390 1025 392 1029 «
501 983 536 1045 et
555 981 711 1058 Nestum,
733 999 839 1068 quam
861 979 1041 1064 regionem
1063 975 1240 1066 Philippus
1261 976 1423 1044 Thraciae
1446 977 1644 1066 ademptam
1666 974 1824 1045 attribuit

501 1082 731 1165 Macedoniae,
752 1089 1006 1174 proptereaque
1031 1082 1226 1172 geographi
1252 1081 1479 1149 Macedoniam
1509 1081 1676 1150 adiectam
1699 1104 1821 1150 vocare

500 1189 627 1275 solent3
645 1191 727 1257 hinc
741 1211 859 1270 causa,
883 1209 945 1255 cur
963 1187 1106 1278 quidam
1124 1187 1324 1278 scriptores,
1340 1189 1443 1256 etiam
1462 1189 1622 1272 seriores,
1640 1192 1678 1255 ut
1690 1187 1820 1254 Plinius

502 1294 551 1385 (n.
568 1297 604 1364 h.
623 1302 700 1379 t‚11
721 1294 767 1362 al.
786 1300 827 1362 18
840 1295 885 1362 al.
903 1296 973 1383 hi),
988 1294 1184 1385 Philippos,
1198 1315 1267 1362 non
1278 1316 1375 1364 secus
1389 1317 1429 1362 ac
1442 1295 1634 1384 Neapolim,
1653 1294 1820 1363 Thraciae

500 1401 643 1469 urbibus
658 1406 889 1469 annumerant
907 1427 937 1466 a.

544 1511 611 1573 Hae
631 1505 751 1596 ntique
774 1506 923 1575 lectione
944 1528 952 1575 :
973 1528 1063 1596 quae
1087 1512 1138 1574 est
1160 1506 1293 1596 primae
1314 1508 1422 1597 partis
1442 1505 1655 1576 Macedoniae
1681 1506 1817 1590 civitas,

498 1632 555 1679 res
583 1617 633 1679 est
655 1611 749 1680 clara
780 1618 815 1680 et
843 1612 956 1680 omnis
981 1611 1152 1680 evanescit
1180 1611 1364 1680 diiiicultas
1391 1618 1424 1680 et
1452 1612 1621 1703 quaestio,
1645 1611 1819 1702 quomodo

498 1717 614 1809 prima
627 1718 748 1786 civitas
761 1720 877 1787 vocari
892 1718 1007 1808 possit.
1026 1722 1107 1786 Mam
1123 1719 1358 1808 acceptionem
1377 1718 1478 1786 etiam
1493 1740 1577 1810 prae
1591 1740 1627 1787 se
1639 1719 1705 1786 lert
1719 1717 1820 1786 lectio
1889 1732 1891 1736 ·

499 1847 605 1915 quam
617 1824 713 1893 Beda
725 1825 869 1916 praebet
885 1847 893 1891 :
913 1831 1068 1914 quaeest
1083 1824 1195 1916 prima
1209 1832 1307 1915 parte
1320 1826 1532 1895 Macedoniae
1546 1826 1673 1894 civitas.
1692 1826 1818 1893 liudem

498 1929 601 1998 modo
618 1931 706 2020 legit
724 1932 778 1999 Bl.
800 1942 866 2017 ἥτις
882 1937 959 2000 ἐστὶν
976 1934 1098 2020 πρώτης
1115 1939 1233 2020 μερίδος
1252 1951 1307 2018 τῆς
1328 1935 1514 2015 Μακεδενίας
1532 1939 1637 2018 aihta,
1652 1933 1708 2000 cui
1722 1954 1820 2001 acce·

497 2036 611 2127 ptioni
632 2038 720 2105 Bels.
739 2058 878 2128 quoque
892 2036 1075 2128 applaudit
1097 2058 1105 2105 :
1130 2032 1218 2128 quae
1238 2043 1290 2106 est
1310 2039 1347 2106 in
1368 2037 1481 2128 prima
1493 2045 1591 2130 parte
1607 2036 1819 2107 Macedoniae

498 2143 597 2225 urbs3
617 2149 692 2211 erat
704 2143 808 2211 eiiam
824 2143 976 2231 colonia,
992 2143 1079 2212 iuris
1096 2143 1169 2212 scil.
1183 2143 1311 2226 italici;
1330 2145 1533 2213 Octavianus
1547 2144 1630 2212 illuc
1648 2143 1819 2211 coloniam

499 2247 691 2316 deduxerat
705 2248 783 2339 (Dio
802 2251 895 2319 Gaas.
919 2255 1018 2335 51,t;
1036 2249 1172 2318 Plinius
1191 2256 1268 2334 12,ss
1286 2250 1331 2318 al.
1352 2251 1405 2339 18)
1421 2250 1514 2318 exiis
1528 2250 1589 2341 qni
1608 2250 1652 2318 ah
1671 2248 1817 2318 Antonio

498 2359 679 2435 steterant;
697 2357 814 2441 ἀξίωμά
829 2365 905 2425 ἐστιν
924 2361 1044 2437 πόλεως
1057 2369 1076 2441 ἡ
1091 2364 1238 2426 uslausein
1252 2354 1374 2446 (Cha).

532 2561 696 2614 Lectionum
715 2562 909 2628 pervulgatam
928 2559 982 2627 ἥτις
1001 2558 1069 2614 ictis
1090 2561 1175 2631 spelm
1198 2565 1275 2615 varic
1296 2563 1436 2627 explicare
1455 2562 1610 2614 tentabant.
1631 2563 1701 2614 Eam
1719 2562 1818 2614 urbem

496 2651 614 2715 primam
627 2652 672 2702 rei
687 2655 771 2714 caput
784 2648 816 2717 (1)
831 2647 936 2719 κεραλη)
952 2652 1040 2703 luisse
1055 2652 1131 2703 iliius
1141 2653 1228 2716 partis
1242 2650 1420 2703 Macedoniae
1438 2652 1528 2702 Weiss.
1545 2655 1640 2702 censet
1656 2664 1662 2700 ε
1681 2651 1820 2702 sudetur
1887 2705 1890 2711 ,

496 2740 583 2803 igitur
596 2744 661 2804 post
674 2740 813 2803 proellum
828 2740 1007 2804 philippense
1026 2741 1055 2790 ln
1074 2740 1166 2790 luerim
1186 2740 1386 2804 Ampliipoleos
1400 2738 1485 2789 luisse
1500 2744 1612 2791 evectos
1624 2739 1772 2804 Philippos
1788 2752 1817 2799 s;

496 2826 546 2879 sed
561 2830 623 2879 eius
634 2829 723 2892 partis
738 2828 806 2879 urbs
820 2829 954 2892 primaria
968 2829 1028 2880 erat
1044 2827 1233 2892 Amphipolim
1249 2840 1313 2878 nam
1331 2829 1448 2891 «eapite
1464 2828 1621 2892 regionum,
1630 2828 1685 2886 ¹ubl
1697 2827 1817 2879 concilia

497 2915 611 2982 fierent,
637 2917 745 2980 primae
768 2918 895 2980 regionis
919 2916 1127 2981 Amphipolim,
1152 2915 1293 2967 secundae
1316 2898 1672 2977 Thessalonicen,'tertiae
1693 2916 1816 2976 Peliam,

496 3010 614 3070 quartae
631 3004 814 3069 Pelagoniam
832 3002 898 3056 iecit
920 3020 932 3052 ι
956 3001 1046 3071 (iem.
1068 3003 1199 3065 Paullus;
1216 3004 1306 3054 Liuius
1324 2999 1425 3071 lans).
1444 3004 1498 3054 Alli
1516 3003 1625 3055 titulum
1643 3005 1682 3056 lbi
1701 3005 1817 3057 honoris

497 3092 701 3157 agnoscebant;
723 3094 752 3142 in
773 3093 842 3143 Asta
862 3093 971 3145 minore
991 3092 1104 3156 quidem
1122 3092 1207 3143 urbes
1226 3092 1307 3143 titulo
1325 3089 1412 3158 πρώτη
1431 3092 1617 3154 emanantem
1634 3093 1684 3146 sed
1703 3095 1733 3144 in
1754 3094 1818 3144 aliis

497 3193 610 3246 quoque
625 3181 789 3244 regionibus
804 3194 868 3233 eum
885 3194 965 3231 usum
980 3186 1009 3232 et
1028 3180 1140 3231 titulum
1158 3181 1282 3231 valuisse
1297 3179 1408 3231 ostendi
1426 3182 1533 3245 nequit.
1552 3180 1657 3232 Urbem
1677 3180 1820 3246 designari

497 3270 664 3320 nobiliorem
682 3269 768 3320 Soita,
787 3272 895 3330 censet;
913 3270 953 3319 lta
971 3269 1027 3319 diei
1046 3270 1113 3334 quia
1127 3269 1306 3321 venientibus
1324 3281 1341 3318 a
1356 3268 1488 3332 Neapoli,
1505 3271 1573 3320 tunc
1586 3268 1723 3321 Thraciae
1736 3270 1816 3330 turbe,

498 3357 621 3422 Philippi
638 3362 718 3408 erant
731 3357 913 3409 macedonica
927 3357 995 3408 urbs
1009 3360 1113 3421 prima,
1127 3359 1187 3408 sive
1202 3358 1329 3421 proxima
1344 3355 1423 3421 (lieri.
1440 3357 1503 3422 lup.
1519 3357 1597 3424 Feli.)
1605 3369 1613 3419 ;
1627 3356 1677 3408 sed
1694 3370 1744 3408 cur
1758 3361 1817 3408 ium

496 3444 646 3497 adderetur
661 3441 759 3513 μερίδος
771 3445 818 3497 vel
834 3445 875 3509 τῆς
892 3441 1008 3513 puplice?
1018 3445 1118 3496 Melius
1130 3445 1201 3496 vidit
1216 3445 1301 3496 crta.
1318 3459 1326 3495 :
1343 3446 1431 3510 prima
1445 3451 1487 3497 est
1503 3445 1693 3497 Romanorum
1707 3446 1819 3497 colonia

496 3547 569 3599 quae
588 3546 605 3585 e
623 3533 743 3584 Thracia
759 3535 788 3583 ln
805 3532 1001 3585 Macedoniam
1019 3533 1198 3584 venientibus
1211 3535 1345 3593 cacumin
1362 3546 1418 3584 nun
1436 3535 1476 3583 ait
1491 3535 1610 3597 primam
1627 3535 1723 3585 urbem
1739 3546 1816 3595 esse,

496 3634 560 3673 eum
574 3627 658 3673 antea
670 3621 820 3687 Neapolim
835 3624 947 3675 obviam
962 3623 1104 3683 habuerit,
1121 3620 1171 3672 sed
1184 3624 1301 3686 primam
1316 3622 1464 3673 coloniam.
1482 3620 1535 3674 Oui
1547 3623 1704 3687 acceptioni
1722 3622 1818 3675 Weadt

496 3709 634 3761 calculum
649 3710 762 3788 adiiclt;¹
775 3714 804 3761 at
817 3713 847 3762 ln
862 3724 896 3762 ea
910 3724 1025 3776 quoqne
1043 3711 1230 3775 explicatione
1248 3723 1305 3761 uun
1325 3712 1393 3761 satis
1411 3712 1540 3775 congruit
1559 3711 1628 3762 illud
1647 3710 1690 3774 τῆς
1709 3708 1816 3779 μερίδος.

496 3797 652 3850 Contentus
667 3800 710 3850 est
731 3801 813 3851 Weiss
828 3812 971 3864 exponere
990 3800 1086 3851 arbem
1102 3801 1225 3851 eminere
1243 3811 1311 3863 prae
1324 3800 1387 3849 aliis
1402 3798 1475 3865 (eine
1489 3804 1574 3861 erste,
1590 3800 1817 3865 irerverragcnde

498 3885 593 3949 Stadt;
607 3887 641 3938 el.
662 3885 761 3956 lanu).

540 4069 593 4137 lhi
613 4069 731 4160 itaque
750 4072 1043 4161 opportunitatem
1063 4070 1303 4162 exspectabant
1322 4070 1548 4137 annuntiandi
1568 4070 1787 4158 evangelium
1807 4094 1815 4140 ε

495 4198 631 4243 ereneus
658 4187 774 4243 aretem
806 4176 844 4243 ia
873 4174 938 4244 buc
967 4177 1048 4244 urbe
1077 4176 1195 4244 diebus
1220 4175 1354 4268 aliquot
1385 4180 1597 4267 conserentes
1621 4185 1818 4268 διατρίεεντες

497 4287 764 4366 conamoranteS,
783 4281 1021 4363 consistentem
1044 4282 1119 4349 dies
1140 4283 1213 4351 scil.
1236 4283 1296 4373 qai
1320 4282 1445 4351 luerint
1467 4285 1557 4351 inter
1575 4283 1762 4352 adventum
1784 4290 1818 4350 ct

532 4502 554 4546 1.
571 4495 659 4546 livius
678 4498 751 4555 latit
768 4496 831 4547 haee
845 4495 923 4549 habet
942 4513 949 4547 ι
968 4515 981 4540 ι
1000 4495 1094 4547 deinde
1113 4495 1137 4545 iu
1151 4498 1265 4559 quatuor
1284 4494 1398 4557 regiones
1415 4493 1495 4546 diuini
1509 4493 1681 4545 Macedoniam
1699 4494 1815 4559 (Paullus

498 4574 693 4641 prouuuthrii);
710 4588 788 4627 naam
801 4575 858 4628 iore
871 4578 898 4627 et
912 4576 1020 4640 primam
1036 4578 1134 4640 partem
1150 4573 1221 4640 quud
1235 4574 1288 4639 agri
1303 4573 1369 4625 later
1380 4575 1541 4638 Strymonem
1552 4577 1578 4626 et
1588 4575 1696 4626 Nessum
1710 4586 1813 4626 amnem

495 4654 543 4715 sit;
562 4667 725 4706 amaseorum
738 4655 799 4707 hnic
815 4655 883 4721 parti
895 4657 963 4706 trans
977 4656 1085 4706 Nessum
1099 4654 1131 4705 ad
1146 4654 1271 4706 orientem
1288 4667 1389 4705 versum
1405 4667 1456 4719 qua
1471 4655 1578 4706 Perseus
1594 4655 1716 4707 tenuisset
1731 4654 1814 4713 ricus,

495 4732 611 4795 castella,
624 4734 718 4799 oppida
729 4738 831 4800 praeter
844 4738 943 4787 lenum
959 4738 985 4786 et
995 4736 1141 4785 Maroneam
1153 4737 1179 4785 et
1192 4732 1307 4796 Abdera,
1320 4738 1389 4785 trans
1404 4736 1567 4800 Strymonem
1581 4738 1669 4785 antem
1684 4733 1814 4799 vergentia

496 4814 529 4865 ad
539 4826 660 4865 ocmsnm
674 4813 822 4866 Bisalticam
836 4829 939 4869 omnem
957 4828 1016 4867 cum
1031 4813 1152 4866 llereclea
1163 4826 1241 4880 quam
1253 4815 1367 4868 sinticen
1379 4813 1507 4879 adpellant
1518 4834 1540 4863 ι.
