4154 5452
240 329 298 388 aaa
782 348 850 394 ier.
873 333 1009 417 seraa
1135 302 1138 305 ’
1210 298 1218 314 ’

238 475 359 545 eodem
382 478 486 548 modo
504 458 671 571 legibue.
695 450 808 564 lum,
828 480 910 546 dnm
928 479 969 553 in
985 477 1066 544 loco
1080 474 1252 566 parallelo
1271 476 1388 543 llattla
1404 483 1440 545 et
1461 483 1560 549 llarc.

235 584 336 653 aliter
358 586 540 672 habeatnr,
562 588 663 672 licen
681 599 721 653 ct
747 581 958 673 respondeus
987 581 1040 648 nic
1063 603 1077 647 .·
1100 579 1202 648 credo
1232 580 1365 649 Fili'um
1396 582 1462 649 Dei
1493 606 1562 651 csse

236 692 348 760 lesum
376 693 565 778 Christum,
588 694 762 759 Christum
785 687 948 755 omittunt
976 689 1073 777 vulg.
1108 687 1254 779 quidam
1278 687 1413 758 codices
1435 696 1470 757 et
1496 693 1564 756 lre·

237 820 352 867 naeus.
370 800 539 867 Habemus
557 796 614 863 hic
635 793 906 884 antiquissimam
929 794 1145 885 eandemque
1165 794 1408 864 brevissimam
1429 797 1561 863 formu-

234 904 303 973 lam
323 901 543 973 confessionis
558 901 594 967 in
614 899 820 990 baptizando
839 899 1016 970 adhibitae
1037 900 1140 991 (Bl.);
1162 900 1251 968 fides
1268 907 1344 969 erat
1365 902 1562 992 profitenda

235 1009 447 1096 dogmatica,
465 1012 572 1073 lesum
599 1005 774 1075 hominem
793 1006 893 1074 illum
912 1029 985 1074 esse
1008 1029 1089 1074 vere
1111 1006 1236 1072 Filium
1261 1005 1337 1089 θείς
1359 1007 1459 1095 proin
1487 1030 1562 1097 my·

233 1116 375 1182 sterium
400 1111 645 1182 lucarnationis
671 1120 706 1182 ct
730 1112 826 1204 quod
849 1113 880 1180 ei
904 1112 1027 1179 intime
1053 1112 1213 1179 iunctum
1237 1116 1290 1179 est
1312 1110 1562 1202 redemptionis

235 1219 434 1307 mysterium
450 1217 545 1303 nosci
558 1225 592 1288 et
603 1220 698 1289 credi
711 1219 847 1302 debuit;
865 1223 969 1307 atque
983 1219 1021 1284 in
1035 1216 1114 1307 ipsa
1125 1216 1196 1285 loci
1208 1217 1318 1286 isaiae
1333 1217 1560 1309 explicatione

232 1344 345 1399 sermo
366 1331 440 1394 crat
462 1324 659 1394 inferendus
683 1324 726 1392 de
739 1322 1001 1413 redemptione,
1023 1322 1067 1390 de
1093 1324 1330 1393 satisfactione
1350 1324 1487 1394 llessiae
1509 1326 1560 1392 vi·

232 1430 342 1514 caria,
366 1430 409 1499 de
435 1430 508 1499 eius
531 1437 644 1498 morte
670 1452 710 1498 ac
737 1429 1002 1512 resurrectione3
1029 1452 1070 1497 ex
1094 1429 1160 1497 hac
1183 1435 1303 1498 autem
1326 1431 1559 1499 satisfactione

232 1538 336 1605 etiam
359 1537 564 1628 perspicitur
588 1535 720 1602 malitia
741 1534 884 1624 peccati.
910 1533 1005 1602 Unde
1028 1535 1146 1610 omnia
1169 1558 1258 1626 quae
1279 1536 1325 1604 ad
1347 1536 1560 1628 baptismum

230 1644 296 1709 rite
316 1640 570 1731 suscipiendum
591 1640 831 1731 requiruntur,
843 1639 895 1707 ibi
914 1641 1084 1709 contineri
1110 1646 1144 1709 et
1167 1641 1324 1733 exposita
1342 1663 1414 1710 esse
1431 1643 1555 1734 liquet.

231 1753 319 1815 Bene
332 1752 429 1815 notat
440 1745 548 1830 naeu,
564 1768 699 1815 versum
714 1748 807 1814 hunc
819 1744 969 1837 speciem
985 1746 1190 1837 cuiusquam
1204 1748 1423 1837 glossematis
1445 1747 1558 1815 nnlla-

230 1862 328 1920 teuus
351 1848 493 1937 referre;
517 1879 534 1917 u
558 1851 643 1921 talia
657 1853 751 1921 enim
769 1860 850 1921 aunt
864 1875 954 1943 quae
976 1858 1148 1922 commate
1165 1854 1341 1939 dicuntur,
1358 1859 1397 1922 ut
1421 1853 1558 1922 drama·

228 1958 295 2026 tice
312 1959 464 2027 referant
477 1963 592 2027 actum
614 1959 660 2027 ab
679 1958 838 2027 eunucho
856 1964 891 2027 ct
903 1958 1064 2050 Philippo
1079 1961 1254 2049 positum;
1272 1960 1370 2050 atqui
1385 1958 1557 2028 eiusmodi
1659 2008 1662 2011 Α

228 2087 297 2133 non
311 2070 391 2133 sunt
404 2087 493 2156 quae
507 2069 762 2153 cognoscuntur
779 2064 985 2153 glossemata
1004 2092 1035 2131 a.

272 2170 409 2238 Audiuit
427 2171 605 2238 eunuchus
623 2171 722 2254 licet;
739 2171 831 2238 unde
849 2193 882 2240 v.
904 2177 947 2240 38
967 2182 1000 2239 et
1020 2170 1121 2239 iussit
1139 2183 1233 2239 stare
1261 2192 1421 2256 currum,
1440 2184 1474 2241 et
1501 2171 1558 2240 de·

227 2276 431 2342 scenderunt
454 2287 597 2368 uterque
616 2276 654 2343 in
673 2298 801 2367 aquom
822 2275 1005 2368 Philippus
1029 2278 1282 2364 clausurum,
1306 2291 1340 2345 et
1367 2277 1556 2370 baptizavit

227 2400 326 2467 eum,·
347 2380 465 2449 scribit
484 2382 711 2471 Hieronymus
731 2376 787 2451 :a
809 2383 995 2451 Bethsoron
1018 2385 1114 2452 vicus
1138 2391 1189 2452 est
1210 2383 1376 2452 euntibus
1395 2383 1440 2452 ab
1459 2383 1555 2452 Aelia

228 2486 386 2555 Chabron
402 2487 439 2554 in
454 2488 618 2576 vigesimo
629 2488 762 2579 lapide,
781 2489 875 2555 iuxta
889 2510 994 2578 quem
1007 2490 1085 2559 fons
1106 2488 1149 2556 ad
1162 2489 1301 2558 radices
1315 2490 1441 2558 montis
1455 2490 1555 2557 ebul-

227 2592 314 2660 liens
328 2594 384 2683 (ab
401 2593 520 2663 eadem
534 2596 571 2661 in
586 2617 655 2684 qua
669 2593 823 2683 gignitur
839 2593 997 2661 sorbetur
1011 2595 1150 2685 humo);
1167 2596 1325 2665 referunt
1338 2595 1377 2664 in
1395 2596 1462 2665 hoc
1483 2618 1554 2665 esse

225 2700 423 2768 eunuchum
437 2701 646 2791 baptizatum
662 2729 679 2763 »
698 2700 756 2790 (de
778 2699 844 2767 situ
859 2704 893 2767 et
908 2700 1107 2769 nominibus
1125 2701 1285 2771 locorum
1305 2702 1407 2771 hebr.
1428 2706 1477 2771 M.
1495 2709 1550 2784 23,

226 2804 323 2894 882);
342 2827 374 2874 r.
390 2813 432 2875 39
447 2828 525 2874 cum
544 2820 660 2875 orclem
674 2805 904 2874 ascendissent
918 2804 961 2874 dc
979 2828 1088 2897 apua,
1106 2808 1263 2898 Spiritus
1277 2806 1421 2876 Domini
1434 2808 1553 2900 rapuit

225 2910 425 3003 Philippum
454 2925 489 2980 et
513 2914 662 3004 nauplius
691 2935 761 2981 uon
786 2910 871 2980 utilit
896 2934 975 2980 eum
1002 2911 1200 3001 eunuchum
1227 2936 1307 2983 cnm
1336 2914 1450 3003 subito
1480 2913 1551 2983 dis-

223 3022 361 3107 pareret
380 3040 420 3086 er
441 3019 549 3088 oculis
566 3018 761 3110 Philippus,
779 3019 959 3087 eunuchus
979 3023 1096 3109 aperte
1115 3018 1242 3088 didicit
1260 3042 1337 3088 rem
1352 3026 1464 3089 actam
1480 3043 1552 3090 esse

223 3123 393 3208 divinam,
416 3146 484 3193 non
510 3146 581 3193 esse
601 3126 793 3195 humanum
818 3124 913 3214 quod
939 3122 1031 3192 circa
1054 3125 1167 3214 ipsum
1193 3126 1326 3195 factum
1350 3128 1393 3195 sit
1419 3125 1548 3217 (cta),

222 3252 340 3297 verum
363 3251 398 3298 se
424 3231 553 3319 insigni
583 3229 751 3299 beneficio
780 3228 899 3298 divino
931 3250 1004 3297 esse
1030 3230 1194 3299 edoctum
1225 3236 1260 3299 et
1285 3232 1331 3300 ad
1359 3233 1465 3300 iidem
1489 3232 1551 3300 ad·

221 3334 363 3404 ductum
381 3341 415 3405 et
434 3359 542 3425 regno
557 3336 724 3406 messiano
741 3335 969 3426 adscriptum,
990 3334 1082 3403 unde
1104 3358 1184 3404 cum
1204 3359 1335 3426 magna
1354 3339 1462 3406 animi
1482 3339 1551 3406 lae·

222 3442 295 3510 titia
309 3442 491 3511 revertitur
513 3443 559 3511 ad
578 3463 677 3511 suam
699 3441 878 3529 regionem
895 3461 904 3510 ε
922 3439 995 3509 ibat
1010 3454 1129 3509 autem
1145 3465 1210 3533 per
1228 3443 1323 3511 viam
1341 3466 1440 3512 suam
1461 3467 1550 3536 porr·

219 3547 319 3635 ‹lrns;
345 3550 482 3618 evanuit
505 3547 604 3638 quasi
627 3570 667 3617 es
685 3548 792 3616 oculis
816 3546 1014 3639 Philippns3
1038 3547 1077 3615 id
1098 3549 1261 3617 eunucho
1281 3571 1423 3640 qnoque
1447 3550 1549 3639 signo

219 3664 293 3723 erat
311 3657 376 3724 iter
390 3677 461 3724 esse
475 3654 764 3738 continuandum,
778 3653 846 3722 sibi
864 3675 936 3721 csse
952 3653 1198 3722 revertendum
1223 3654 1269 3723 ad
1294 3677 1420 3724 munus
1439 3662 1474 3724 et
1496 3678 1550 3724 re-

218 3762 356 3848 gionem
378 3781 492 3844 suam,
509 3761 543 3827 in
562 3783 632 3850 qua
653 3758 812 3828 beneficii
833 3757 965 3850 accepti
983 3779 1175 3827 memorem
1195 3759 1273 3851 aliis
1296 3783 1434 3852 quoque
1458 3760 1549 3829 viam

217 3866 343 3935 salutis.
356 3886 436 3934 eum
460 3865 709 3934 demonstrasse
727 3864 829 3933 facile
848 3863 913 3932 tibi
935 3865 1160 3955 persuaseris.
1180 3869 1309 3934 Graece
1330 3872 1389 3958 γάρ
1411 3890 1419 3936 :
1443 3869 1549 3937 conti·

217 3970 346 4039 uuabat
368 3969 461 4040 enim
483 3977 547 4042 etc.
570 3973 593 4040 i.
614 3994 645 4042 e.
664 3970 863 4062 explicatur,
885 3970 1061 4062 quomodo
1086 3992 1127 4038 ex
1149 3971 1265 4041 subita
1290 3971 1355 4040 illa
1373 3972 1547 4042 ablatione

219 4077 369 4169 Philippi
383 4076 544 4147 didicerit
560 4077 627 4147 sibi
640 4100 712 4147 esse
730 4078 797 4147 iter
810 4076 1101 4161 continuandum
1116 4076 1169 4145 vis
1189 4077 1284 4146 enim
1300 4078 1494 4169 particulae
1510 4080 1547 4147 id

217 4184 310 4276 quod
332 4183 402 4251 iam
416 4184 607 4275 explicatur
623 4185 727 4254 refert
748 4184 791 4253 ad
810 4183 848 4251 id
867 4183 961 4274 quod
978 4184 1181 4274 praecessit,
1198 4185 1298 4275 quasi
1319 4206 1384 4276 pro
1409 4205 1446 4253 re
1467 4191 1549 4253 nata

217 4294 285 4359 iam
307 4297 400 4361 recte
422 4296 525 4382 atque
544 4290 664 4359 ordine
682 4292 749 4360 hoc
769 4292 818 4358 ita
836 4309 872 4357 se
886 4288 1018 4358 habere
1037 4289 1188 4373 dicatur,
1206 4290 1304 4380 quod
1318 4289 1420 4359 latini
1439 4289 1549 4382 ipitur

216 4399 352 4479 dicunt;
368 4419 475 4489 qnare
489 4395 650 4466 [levamus
666 4401 725 4488 γὰρ
744 4396 830 4466 dixit
842 4396 916 4464 fere
931 4395 1054 4466 eodem
1073 4395 1179 4464 modo
1194 4397 1361 4488 usurpari
1384 4396 1548 4486 quemad·

217 4505 359 4574 modum
373 4522 444 4594 γοῦν
461 4504 519 4595 (cf.
535 4503 650 4587 Klotz,
666 4510 746 4572 llev.
766 4507 794 4571 ll
809 4525 843 4593 p.
858 4508 941 4587 2353
960 4502 1038 4571 sim.
1054 4501 1148 4570 Beel.
1165 4502 1420 4572 :continuabat
1440 4502 1548 4593 igitur

217 4611 550 4810 ltelr’liiiilpnpibautem
566 4715 659 4785 idem
673 4715 798 4785 accidit
809 4714 902 4805 quod
921 4722 941 4782 3
957 4720 1044 4804 fleg.
1068 4720 1172 4798 18‚12
1191 4714 1397 4784 enuntiatur
1415 4715 1472 4806 (cf.
1488 4720 1543 4785 ΕΖ.
