4010 5474
247 337 308 396 350
526 424 528 429 ι
778 353 845 398 ser.
870 335 1029 411 acac-at.

245 490 328 553 οὐδὲν
352 488 569 569 ὑπεστειλάμην
594 483 687 574 quod
706 484 852 552 verbum
871 485 1058 576 adhibetur
1082 483 1125 551 de
1149 505 1191 551 ec
1215 480 1276 572 qui
1295 501 1381 571 prae
1399 487 1495 549 metu
1514 483 1575 550 ali·

245 589 331 681 quid
349 590 452 674 celat,
471 591 607 673 reticet,
625 590 816 657 dissimulat
831 589 935 678 (Beel.
952 588 1039 657 Felt.
1058 589 1147 677 Bl.);
1170 590 1291 679 itaque
1313 585 1438 655 mediis
1457 585 1497 654 in
1516 588 1575 654 tri·

247 696 480 765 bulationibus
500 696 665 764 audacter
682 695 798 761 omnia
816 694 877 759 illa
892 693 1107 781 praedicavit
1126 716 1216 782 quae
1233 692 1400 762 fidelibus
1413 692 1575 782 expedie-

244 803 305 872 bat
326 804 462 884 audire,
481 799 664 892 quominus
684 798 931 865 annuntiarem
953 797 1046 864 vobis
1070 810 1102 865 et
1126 796 1282 866 docerem
1304 818 1362 868 vos
1380 798 1520 891 publice
1542 811 1574 865 et

241 910 304 1000 per
325 910 458 992 domos,
476 904 610 994 copiam
629 908 663 971 ct
683 902 901 972 sedulitatem
917 903 1069 972 ostendit
1091 903 1215 994 (clap
1242 904 1382 995 publice
1402 911 1437 974 et
1458 905 1573 996 priva·

242 1016 323 1098 tim,
347 1019 483 1080 coetum
505 1009 661 1078 fidelium
684 1014 718 1077 et
737 1009 895 1100 singulos
919 1011 1044 1079 docere
1072 1016 1107 1078 et
1132 1009 1308 1078 exhortari
1336 1032 1409 1078 non
1432 1011 1573 1079 desiste-

243 1121 315 1187 bat.

195 1244 207 1260 ·
286 1227 358 1301 Qua
377 1222 558 1290 sedulitate
582 1244 653 1290 non
676 1221 863 1291 desistebat
884 1222 1046 1289 omnibus
1065 1227 1100 1292 et
1120 1221 1257 1291 ludaeis
1276 1227 1312 1290 ct
1332 1223 1471 1291 Graccis
1497 1244 1575 1313 pro

242 1330 371 1422 spicere
398 1352 431 1397 v.
456 1336 496 1397 21
525 1328 712 1419 testificans
734 1326 871 1395 Iudaeis
891 1327 1175 1417 διαμαρτυρέμενος’
1189 1328 1398 1410 obtestatus,
1420 1327 1574 1419 impense

242 1435 458 1516 adhortatum
476 1439 691 1539 quantopere
705 1432 747 1500 de
768 1454 850 1531 suae
865 1432 978 1521 gentis
990 1434 1102 1502 salute
1114 1433 1285 1502 sollicitus
1296 1436 1357 1520 sit,
1373 1434 1455 1502 vido
1472 1437 1570 1502 Rom.

243 1548 357 1625 a‚1-5;
380 1547 493 1622 11,1t.
517 1545 533 1606 1
557 1542 632 1606 Cor.
650 1543 746 1621 930,
764 1550 868 1628 atque
884 1538 1071 1629 pestilibus
1090 1539 1129 1609 in
1148 1542 1259 1608 Deum
1271 1540 1528 1631 poenitentiam
1541 1555 1575 1608 et

218 1636 225 1647 ’
240 1647 346 1738 fidem
364 1646 400 1712 in
417 1643 603 1713 Dominum
620 1655 774 1711 nostrum
789 1645 901 1712 Iesum
921 1643 1114 1731 Christum·
1130 1646 1201 1714 duo
1217 1646 1280 1714 illa
1298 1645 1439 1737 publice
1453 1650 1489 1713 et
1502 1646 1573 1736 pri·

156 1775 159 1779 “
243 1751 349 1821 vatim
362 1750 485 1819 docere
504 1755 539 1817 et
551 1748 725 1818 inculcare
743 1748 797 1817 illi
811 1772 914 1820 curae
931 1749 997 1818 fuit
1013 1773 1103 1840 quae
1123 1758 1140 1817 1
1158 1751 1272 1819 Thess,
1291 1758 1361 1832 aa.
1378 1758 1421 1818 10
1435 1772 1573 1841 quoque

243 1856 356 1940 eticrt;
374 1856 418 1925 cf.
437 1860 537 1924 llarc.
558 1862 636 1940 1,15
656 1855 880 1946 poenitemini
898 1861 933 1925 et
950 1855 1080 1924 credite
1102 1856 1298 1945 evangelio.
1312 1862 1385 1925 lam
1406 1856 1453 1924 ad
1470 1878 1574 1947 prae·

7 2044 9 2051 Α
106 2022 110 2028 .
242 1969 373 2031 sentem
390 1962 499 2030 animi
518 1959 759 2030 habitudinem
776 1961 965 2030 oraticnem
986 1962 1138 2030 deflectit
1153 1986 1185 2030 v.
1204 1967 1248 2029 22
1265 1974 1299 2030 et
1313 1983 1407 2030 nunc
1426 1984 1502 2031 ecce
1518 1961 1573 2031 ol-

242 2067 370 2159 liqotas
381 2090 444 2158 eqo
456 2067 599 2158 spiritu,
611 2067 718 2135 animi
732 2069 801 2135 mei
813 2069 944 2158 impetu
958 2067 1127 2158 impulsus
1143 2066 1245 2156 (Boel.
1261 2071 1360 2137 Patr.
1376 2067 1465 2136 Felt.
1481 2068 1569 2157 Bl.);

241 2175 300 2243 alii
332 2173 505 2264 explicant
535 2173 579 2240 de
609 2171 761 2264 impulsu
789 2171 936 2264 Spiritus
962 2174 1073 2242 sancti
1107 2173 1292 2264 (Didymus
1324 2175 1361 2241 in
1391 2179 1459 2242 cat.
1485 2177 1568 2265 Lep.

243 2278 376 2365 Colm.,·
390 2284 577 2369 utrumque
591 2279 753 2369 proponit
765 2278 831 2347 Sal
867 2281 910 2368 .);
931 2281 1008 2348 Oec.
1030 2279 1177 2371 Theoph.
1198 2291 1347 2367 πνεύματι
1360 2280 1572 2349 referuntad

240 2384 329 2453 nodo
344 2384 546 2476 :praescius
566 2405 629 2475 per
649 2383 815 2475 Spiritum
837 2391 1010 2468 sanctum;
1032 2387 1092 2454 sed
1112 2386 1157 2453 dc
1176 2385 1308 2477 Spiritu
1328 2391 1447 2455 sancto
1459 2386 1571 2479 'accipi

239 2512 310 2558 non
328 2512 425 2580 posse
441 2489 682 2561 ostenditurv.
701 2495 757 2575 23,
778 2490 838 2558 ubi
854 2490 993 2559 tandem
1014 2491 1173 2559 enuntiat
1195 2491 1283 2581 quid
1305 2492 1454 2584 Spiritus
1469 2502 1571 2563 sanc-

240 2602 295 2665 tus
313 2618 354 2664 ea
371 2597 407 2663 in
423 2618 461 2663 re
480 2601 573 2684 agat.
589 2594 672 2662 Aliis
691 2596 806 2686 placet
820 2597 990 2687 explicare
1010 2617 1018 2665 :
1039 2597 1112 2664 iam
1131 2619 1168 2664 se
1187 2597 1291 2665 sentit
1309 2599 1410 2690 quasi
1423 2599 1570 2668 vinculis

241 2701 426 2791 onustum(
435 2700 593 2790 Weodt);
610 2705 646 2769 at
658 2699 847 2791 simplicius
861 2708 911 2770 est
925 2702 1039 2769 dicere
1054 2723 1135 2770 cum
1149 2705 1247 2771 Patr.
1264 2703 1482 2773 voluntatem
1498 2705 1571 2774 eius

243 2807 341 2898 quasi
364 2808 540 2896 alligatam
564 2827 635 2874 esse
659 2807 841 2898 quominus
864 2806 1029 2876 obsistere
1053 2814 1160 2899 queat
1182 2808 1342 2878 internae
1371 2810 1510 2879 cuidam
1537 2810 1571 2877 vi

241 2916 355 3004 ipsum
370 2912 553 2980 ierusalem
567 2911 799 3003 pertrahenti3
821 2911 908 2981 vodo
929 2913 1185 3002 intonalem,
1203 2938 1295 3006 quoe
1313 2916 1352 2985 in
1365 2938 1407 2984 eo
1424 2928 1571 2984 venturo

241 3018 312 3086 sint
342 3016 431 3085 mai
454 3018 632 3108 ipsoram,
658 3040 692 3086 v.
720 3024 763 3087 23
794 3018 866 3087 nisi
891 3018 985 3110 quod
1005 3020 1160 3111 Spiritus
1190 3034 1331 3090 sanctus
1357 3044 1425 3113 per
1454 3044 1571 3090 omnes

242 3123 398 3193 civitates
421 3122 509 3191 mila
527 3135 749 3215 protestatur,
765 3122 839 3192 scil.
857 3146 920 3215 per
939 3125 1128 3216 prophetas
1151 3126 1213 3218 qui
1236 3127 1322 3195 talia
1340 3128 1566 3200 annuntiant:

241 3251 349 3298 unum
365 3228 532 3298 eiusmodi
551 3229 745 3320 exemplum
765 3233 870 3297 Lucas
888 3229 987 3298 atlert
1000 3238 1118 3321 postea
1134 3238 1256 3317 21,11;
1272 3232 1368 3301 idem
1382 3234 1453 3303 iam
1467 3239 1570 3303 antea

242 3357 379 3426 quoque
398 3336 526 3431 iactum
546 3356 633 3418 esse,
649 3333 725 3425 ipsa
744 3336 811 3403 hac
829 3334 984 3404 oratione
1008 3337 1119 3407 relata
1141 3360 1206 3406 nos
1225 3339 1346 3423 docet;
1371 3362 1480 3430 quare
1504 3342 1568 3409 mi·

240 3442 335 3510 nima
354 3463 442 3532 opus
467 3446 556 3525 erat,
577 3447 616 3509 ut
635 3439 673 3510 id
695 3444 798 3509 antea
818 3442 853 3508 in
875 3441 1022 3530 singulis
1044 3443 1244 3512 civitatibus
1269 3453 1566 3514 commemoraret.

241 3548 361 3639 Utique
386 3547 494 3638 aliqui
514 3546 626 3616 critici
647 3547 770 3615 volunt
792 3546 830 3614 id
853 3546 1012 3616 debuisse
1035 3549 1304 3619 commemorari
1328 3554 1449 3634 antea;
1476 3551 1568 3643 quod

240 3676 316 3722 cum
341 3654 468 3722 lactum
497 3675 565 3722 non
584 3652 644 3735 sit,
665 3673 847 3745 perperam
867 3675 907 3721 ex
928 3660 1028 3736 21,ss
1054 3656 1250 3724 orationem
1274 3677 1348 3725 csso
1372 3657 1566 3726 confictam.

240 3762 296 3828 lsti
319 3782 391 3827 non
417 3758 599 3827 attendunt
627 3763 751 3826 Lucam
774 3766 808 3826 et
829 3759 1019 3827 multarum
1045 3782 1161 3829 rerum
1189 3761 1404 3830 mentionem
1427 3761 1568 3832 omnino

240 3866 436 3935 nonfacere
454 3870 489 3933 et
506 3862 630 3931 merito
642 3862 836 3932 existimare
852 3865 1029 3949 sufficere,
1047 3872 1173 3935 utrem
1191 3867 1300 3936 semel
1318 3869 1482 3938 asserenti
1502 3869 1570 3939 sibi

240 3971 325 4040 tides
342 3972 530 4052 habeatur3
550 3968 667 4039 diceas
684 3991 747 4061 per
759 3972 949 4062 propbetas
975 3992 984 4041 ε
1009 3974 1176 4063 quoniam
1197 3973 1342 4043 vinculo
1367 3986 1400 4043 et
1425 3976 1569 4044 tribulo·

242 4077 350 4145 tiones
373 4075 591 4166 lerosolymis
613 4097 667 4144 me
687 4089 849 4164 maoeot;
862 4076 901 4146 id
919 4079 1037 4170 utique
1054 4079 1135 4163 scit;
1158 4079 1219 4149 sed
1241 4080 1384 4171 qualem
1407 4087 1568 4150 eventum

241 4185 327 4253 haec
347 4181 511 4250 habitura
530 4181 614 4265 sint,
633 4181 865 4272 captivitatem
889 4191 1110 4277 perpetuam,
1132 4192 1300 4268 mortem,
1317 4187 1407 4256 haec
1429 4186 1569 4275 ignorat

241 4312 273 4357 v.
296 4295 351 4358 22.

287 4392 513 4464 Nihilominus
531 4393 648 4462 animo
667 4399 717 4462 est
735 4394 813 4463 torti
832 4417 873 4463 ac
887 4418 1052 4485 generoso
1071 4422 1103 4468 v.
1122 4405 1164 4467 tt
1184 4398 1248 4467 sed
1266 4397 1495 4471 sibiliosum
1512 4423 1570 4470 ce·

243 4525 318 4571 reor
331 4523 392 4570 nec
405 4501 505 4593 focio
526 4499 681 4569 animam
704 4522 815 4569 meam
831 4503 1069 4591 pretiosiorem
1083 4527 1191 4596 quam
1212 4525 1291 4591 me,·
1309 4504 1449 4575 videtur
1465 4505 1568 4577 inter·

242 4631 322 4700 pres
335 4608 457 4697 legisse
471 4618 599 4694 ἐμαυτοῦ
613 4629 676 4699 pro
694 4616 830 4698 ἐμαυτῷ
848 4608 960 4677 clarus
981 4620 1032 4679 est
1046 4617 1157 4684 textus
1174 4633 1347 4701 graecus:
1368 4611 1568 4682 nullatenus

242 4715 400 4813 existimo
416 4715 521 4783 vitam
540 4736 653 4785 meam
674 4715 857 4806 pretiosam
881 4715 968 4785 mihi
993 4717 1084 4807 (Coi.
1105 4716 1216 4788 Soloe.
1233 4721 1320 4812 Lep.
1338 4718 1449 4790 Galm.
1468 4722 1564 4789 Patr.
