4054 5442
1016 371 1086 416 >acm
1109 353 1212 425 tnta.
1716 356 1775 418 tto

451 512 566 574 autem
580 506 757 593 eligitura
772 504 947 585 nauclere,
965 501 1108 570 domino
1121 502 1228 586 naris,
1243 501 1363 570 eteius
1378 503 1524 594 imperio
1541 506 1656 573 subest
1669 506 1773 595 (locos

451 620 606 681 veterum
630 611 729 678 affert
765 607 917 696 Wetst.);
941 630 974 676 r.
997 614 1039 676 12
1055 620 1089 676 et
1107 630 1185 676 enm
1199 620 1300 699 aptus
1316 619 1435 697 portus
1451 631 1521 675 non
1539 624 1624 677 esset
1640 612 1689 679 od
1701 612 1774 679 hie·

451 718 632 799 mantum,
646 713 801 805 'plurimi
823 725 1021 782 statuerunt
1040 714 1223 782 consitium
1248 712 1411 804 nociqore
1437 713 1529 802 inde,
1554 716 1586 781 si
1605 717 1773 806 qnonaodo

446 835 586 915 possent
608 820 825 889 devenientes
847 819 1044 888 Phoenicen
1058 820 1224 902 hiemare,
1235 831 1376 911 portum
1396 823 1518 890 Cretae
1537 822 1773 911 respicientem

440 928 498 998 od
523 926 676 1017 osricum
698 940 733 996 et
754 946 893 1014 corum;
915 932 1034 1017 portus
1055 928 1173 1018 itaque
1188 924 1233 993 ad
1250 926 1492 995 hiematienem
1513 950 1582 996 nen
1605 936 1680 997 erat
1697 928 1773 997 idc-

448 1057 546 1103 neus.
564 1039 633 1103 Cur
646 1056 718 1102 nen
730 1033 836 1102 inerit
851 1033 1008 1116 idoneus,
1027 1031 1265 1120 colligendum
1283 1031 1348 1099 erit
1366 1055 1406 1101 ex
1419 1031 1485 1100 situ
1500 1033 1642 1102 alterius
1655 1040 1775 1127 portus

449 1140 495 1209 ad
509 1162 616 1231 quem
631 1140 794 1208 devenire
808 1137 989 1231 optabant,
1005 1138 1067 1228 qui
1080 1138 1197 1230 itaque
1211 1137 1279 1207 situ
1291 1160 1352 1206 suo
1364 1144 1474 1207 tutam
1488 1138 1681 1231 praebebat
1694 1143 1773 1208 navi

449 1248 633 1316 stationem
665 1250 786 1314 contra
816 1249 933 1313 ventos
961 1251 995 1312 et
1023 1249 1242 1335 tempestates
1266 1244 1442 1313 hiemales.
1473 1247 1533 1313 liic
1555 1252 1676 1337 portus
1700 1253 1774 1315 erat

449 1354 638 1435 Phoenice,
663 1355 783 1435 Φοίνιξ;
809 1351 934 1419 Strabo
959 1355 1205 1419 commemorat
1222 1358 1370 1420 κατοικίαν
1391 1363 1467 1439 πρὶς
1482 1370 1519 1442 τῇ
1539 1362 1624 1442 νοτίῳ
1640 1359 1772 1444 θαλάττῃ

449 1463 574 1526 Φοίνικα
597 1448 648 1527 its
671 1460 827 1543 Αιιμπέων
854 1456 1003 1541 (10‚t,s;
1028 1456 1075 1524 al.
1103 1455 1195 1547 bib),
1216 1455 1433 1525 Ptolemaeus
1456 1478 1469 1525 .·
1491 1461 1647 1540 Φοινικοῦς
1665 1468 1770 1544 λιμήν,

439 1568 552 1646 ’Φοίνιξ
576 1569 666 1646 πόλις
692 1562 837 1654 (ante)
858 1568 893 1631 et
915 1562 1037 1630 Strabo
1060 1562 1100 1629 in
1117 1561 1244 1631 isthmo
1266 1569 1404 1631 centum
1424 1563 1496 1631 iere
1518 1564 1707 1633 stadiorum
1727 1566 1772 1634 ad

442 1672 522 1738 »eius
545 1670 638 1739 latus
658 1669 853 1738 austrinum
876 1668 1000 1736 urbem
1023 1668 1179 1752 collocat,
1202 1669 1246 1736 ad
1270 1669 1366 1738 euius
1383 1669 1472 1739 latus
1494 1673 1772 1761 septemtrionale

449 1777 590 1868 ponitur
619 1774 871 1865 Amphimalla;
905 1795 1009 1865 quem
1039 1776 1143 1843 situm
1171 1779 1292 1865 pertus
1318 1797 1510 1864 congruere
1541 1778 1661 1845 dicunt
1691 1801 1769 1845 cum

447 1881 619 1950 hodierne
665 1887 768 1949 Lutro
808 1880 866 1966 (ei.
909 1878 1043 1964 Smitlc,
1080 1879 1197 1969 Feli),
1232 1882 1388 1973 quamvis
1428 1882 1489 1951 alii
1534 1883 1772 1953 contradicant

448 1989 506 2077 (cl.
526 1985 680 2077 Wendt).
690 1987 872 2056 adrerum
882 1985 1070 2056 eiussiium
1080 1986 1381 2058 determinandum
1393 1988 1497 2058 cardo
1508 1990 1558 2058 rei
1571 1990 1718 2058 vertitur
1730 1992 1767 2057 in

446 2093 675 2185 explicatione
691 2101 841 2177 βλέποντα
856 2096 932 2163 κατὰ
946 2101 1015 2162 itte
1029 2101 1080 2162 nai
1094 2096 1170 2162 κατὰ
1185 2104 1296 2182 χῶροι.
1314 2099 1371 2163 Est
1383 2102 1436 2181 >tq
1449 2100 1574 2162 ventus
1587 2100 1644 2164 ἀπὸ
1660 2103 1771 2176 δύσεως

439 2200 487 2268 ’ὢν
511 2218 687 2290 χειμερινῆς
713 2197 851 2290 (Strabo
878 2198 1013 2283 1‚a‚e'1;
1040 2198 1088 2268 al.
1116 2198 1192 2287 29);
1218 2197 1360 2283 cineus,
1385 2203 1506 2268 ventus
1525 2200 1661 2291 spirans
1680 2203 1772 2269 inter

446 2306 631 2375 meridiem
656 2311 692 2375 et
716 2327 895 2388 occasum3
914 2317 1016 2395 χώρας
1043 2310 1159 2374 autem
1180 2306 1242 2374 ilai
1267 2305 1358 2375 inter
1385 2328 1542 2376 eoeneum
1568 2312 1603 2376 et
1622 2315 1770 2399 septem-

446 2413 608 2481 trionem.
646 2417 767 2481 Pertus
801 2410 921 2503 itaque
950 2409 1089 2502 respicit
1110 2416 1186 2481 mi
1208 2410 1397 2481 secundnm
1420 2413 1481 2481 hes
1502 2419 1636 2493 venios;
1669 2414 1771 2504 proin

445 2527 568 2609 portus
591 2519 677 2586 situs
703 2524 754 2586 eat
776 2538 894 2586 versus
914 2516 1014 2585 illam
1037 2516 1234 2605 regionem,
1253 2518 1290 2586 in
1308 2539 1411 2609 quam
1431 2519 1523 2586 venti
1536 2518 1590 2585 illi
1602 2519 1771 2609 spirantes

445 2625 622 2701 ferentum
649 2623 753 2715 proin
773 2632 914 2715 aperius
933 2629 1008 2691 erat
1022 2643 1138 2690 versus
1152 2627 1266 2713 partes
1279 2623 1494 2714 aquilonares
1506 2630 1539 2692 et
1554 2631 1667 2714 partes
1681 2627 1771 2694 inter

446 2729 627 2798 meridiem
653 2735 687 2798 et
712 2736 828 2797 orium
852 2729 935 2797 selis
956 2734 1166 2819 spectantes;
1194 2735 1297 2820 atque
1316 2751 1394 2797 cum
1416 2729 1519 2798 situm
1539 2731 1767 2799 adorientem

444 2857 562 2904 versus
578 2834 686 2904 habet
700 2840 814 2904 lmire.

485 3040 664 3103 Discrimen
679 3040 713 3101 in
728 3042 792 3103 situ
808 3039 1053 3102 determinando
1069 3040 1143 3100 inde
1162 3043 1266 3102 ertum
1287 3044 1336 3102 esi
1355 3042 1441 3120 quod
1461 3039 1514 3101 alii
1531 3046 1601 3100 κατὰ
1619 3041 1684 3101 >tte
1705 3062 1766 3104 non

445 3138 485 3199 de
500 3142 608 3207 rente,
625 3137 683 3199 sed
696 3137 738 3200 de
750 3137 883 3217 regione
896 3154 936 3199 ex
948 3154 1014 3216 qna
1025 3141 1140 3199 ventus
1154 3137 1254 3200 lertur
1266 3137 1459 3218 explicantes
1474 3143 1602 3218 perium
1618 3140 1768 3201 velebant

443 3240 589 3314 spectare
603 3234 644 3297 ad
658 3234 875 3303 occidentem.
886 3235 956 3297 scil.
967 3235 1008 3295 ad
1020 3234 1146 3315 plagam
1158 3252 1229 3297 esse
1241 3240 1388 3315 apertum
1402 3252 1486 3314 quae
1500 3236 1585 3297 inter
1598 3238 1766 3298 meridiem

444 3338 477 3394 et
497 3349 644 3395 ecmsrrm
666 3333 708 3395 sit
729 3338 763 3394 et
782 3332 868 3395 inter
886 3348 1033 3394 ecmsum
1053 3337 1086 3394 et
1109 3333 1382 3412 septemtrionem.
1403 3334 1548 3396 Occurrit
1567 3335 1698 3411 quidem
1720 3335 1768 3415 λίψ

444 3430 529 3510 apud
544 3431 622 3492 Lxx
639 3430 672 3490 in
691 3428 825 3492 notione
843 3430 986 3511 regionis
1000 3427 1223 3492 meridionalis
1242 3429 1330 3510 (Gen.
1349 3431 1454 3505 13‚tt;
1469 3433 1554 3503 20,t.
1572 3433 1665 3492 Num.
1682 3435 1765 3503 ato.

443 3529 536 3589 Deut.
553 3526 677 3606 33,23);
692 3543 807 3589 rerum
824 3525 910 3606 apud
925 3525 1075 3607 profanes
1090 3526 1261 3606 scriptores
1276 3527 1324 3608 itt
1337 3533 1367 3589 et
1383 3544 1495 3589 murus
1511 3528 1550 3606 (si
1564 3529 1673 3590 lexicis
1689 3530 1767 3591 noes

443 3632 491 3687 est
505 3624 700 3703 adhibenda)
716 3641 781 3686 nen
800 3627 973 3687 occurrunt
992 3623 1054 3684 nisi
1071 3624 1112 3685 de
1129 3625 1251 3698 sentim
1267 3624 1350 3686 unde
1365 3624 1534 3705 explicatio
1554 3643 1651 3705 supra
1669 3627 1765 3688 elata:

443 3719 612 3783 recaredum
631 3726 761 3797 rentes,
777 3720 799 3783 i.
822 3739 852 3783 e.
869 3721 1049 3783 seeundum
1069 3738 1142 3783 eam
1164 3721 1250 3783 viam
1272 3727 1304 3784 et
1325 3722 1490 3803 regionem
1511 3722 1658 3802 inquam
1680 3727 1765 3786 senti

443 3822 601 3891 teruntur,
620 3817 712 3882 unice
731 3820 840 3882 serbis
858 3836 1037 3899 congruere
1052 3818 1190 3893 videtur,
1206 3820 1249 3882 ita
1268 3826 1301 3881 ut
1322 3825 1433 3900 pertus
1453 3820 1492 3880 sit
1513 3827 1640 3900 apertus
1659 3840 1767 3885 sersus

444 3917 533 3980 illam
549 3916 717 3996 regionem
736 3917 885 3997 inquam
902 3917 990 3979 renti
1005 3916 1161 3986 teruntur.
1178 3934 1242 3979 nen
1255 3933 1332 3979 sero
1346 3935 1456 3979 versus
1471 3917 1560 3979 illam
1580 3936 1598 3979 e
1617 3938 1681 3997 qua
1700 3922 1764 3999 spi-

441 4019 514 4076 rant
528 4014 582 4095 (cl.
597 4011 716 4090 sorith,
732 4011 840 4095 Feli).
856 4014 925 4088 Quo
941 4013 1005 4076 situ
1020 4018 1131 4093 pertus
1146 4017 1247 4076 tutan
1261 4015 1431 4094 praebebat
1447 4015 1579 4077 naribus
1592 4017 1764 4079 stationem

442 4117 554 4175 contra
567 4115 682 4174 rentes
697 4112 857 4190 spirantes
868 4112 908 4173 ab
920 4128 1035 4174 occasu
1050 4110 1229 4190 aquilonari
1243 4116 1277 4173 et
1289 4111 1329 4174 ab
1342 4113 1650 4175 austreoccideniali
1663 4121 1763 4193 parto,

443 4211 465 4271 i.
483 4227 512 4273 e.
528 4215 640 4273 contra
650 4226 784 4273 caurum
799 4214 832 4272 et
846 4208 995 4271 alricum.
1014 4209 1050 4271 ln
1065 4208 1219 4289 anonymi
1233 4209 1413 4273 Stadiasmo
1429 4228 1461 4272 n.
1476 4212 1536 4273 tta
1551 4211 1685 4273 habetur
1700 4228 1708 4270 ι
1725 4213 1765 4273 ab

442 4308 614 4388 Apollonia
627 4307 668 4370 ad
684 4306 879 4370 Phoenicem
890 4309 928 4375 st<
936 4305 1053 4367 Φοίνικα
1067 4306 1252 4381 stadia1003
1265 4308 1342 4370 urbs
1353 4312 1402 4369 esi
1413 4324 1483 4369 cum
1494 4312 1588 4386 periu
1604 4313 1637 4369 et
1649 4309 1762 4371 insula.

442 4406 615 4468 aclaudia
628 4406 669 4468 ad
683 4404 878 4468 Phoenicem
897 4403 1073 4468 stetisset
1088 4404 1215 4485 (Georg.
1233 4423 1280 4485 gr.
1296 4406 1375 4467 min.
1391 4406 1540 4484 tntilli:
1556 4406 1611 4466 ubi
1636 4407 1667 4466 in
1687 4413 1763 4469 note

442 4503 504 4565 loci
523 4519 656 4582 queque
676 4509 823 4566 veterum
845 4506 878 4563 et
897 4500 1112 4565 recentiorum
1131 4501 1332 4581 querendam
1350 4501 1390 4564 de
1408 4501 1563 4564 Phoenica
1583 4509 1615 4564 et
1634 4505 1763 4566 Claudia

441 4601 647 4681 atteruntur).

485 4755 525 4819 Et
546 4750 821 4843 primoquidem
846 4750 981 4820 invente
1001 4757 1102 4820 vente
1124 4756 1261 4841 perium
1286 4750 1384 4819 illum
1400 4775 1458 4818 res
1477 4752 1640 4842 consequi
1665 4775 1762 4843 posse
