4128 5442
135 314 167 379 .·
246 350 286 408 rc
614 394 618 401 .
741 366 841 431 ‚lca
863 351 1004 426 amaa

246 503 288 564 17
306 518 315 564 :
335 518 412 565 ecoe
431 498 523 566 enim
545 521 609 587 ego
623 522 702 567 creo
716 500 830 568 coelos
842 521 950 567 novos
968 503 1002 565 et
1013 454 1151 565 terram
1166 518 1309 580 novam;
1324 500 1346 563 2
1366 498 1456 561 Petr.
1474 500 1568 578 3,13.
1691 579 1695 585 .

249 669 252 675 .
286 604 388 681 Quale
402 604 520 695 itaque
536 605 666 673 bonum
681 604 945 695 exspectandum
960 604 1003 668 sit
1016 624 1037 668 a
1051 602 1265 690 poenitentia
1280 608 1315 670 et
1328 599 1567 681 conversione,

240 732 297 778 eos
325 710 425 780 docet
451 711 489 778 in
511 734 544 777 v.
573 718 687 786 19-21,
709 710 837 798 quibus
861 707 965 775 simul
993 708 1145 773 rationes
1173 706 1329 776 efficaces
1355 706 1568 798 suppeditat.

114 810 119 815 ’
241 819 357 905 Pergit
375 840 431 885 eos
445 837 586 903 urgere,
605 822 643 882 ut
661 813 767 881 fidem
788 814 910 881 Christi
928 812 1185 903 amplectantur
1205 812 1313 880 minis,
1328 835 1467 905 quoque
1487 832 1571 902 pro·

241 923 376 1013 positis,
391 925 419 989 si
435 922 614 989 renuerint
628 943 660 987 v.
678 926 722 987 22
736 922 870 1009 Moyses
884 919 1027 1010 quidem
1046 918 1140 985 dicit
1158 941 1171 986 .·
1187 917 1354 1009 quomam
1361 919 1570 1010 proplietam

6 1030 26 1109 J
61 1045 91 1098 .’
118 1016 121 1021 ’
239 1028 419 1097 suscitabit
442 1025 536 1093 vobis
558 1025 724 1093 Dominus
748 1030 834 1094 Deus
854 1038 964 1094 vester
988 1024 1030 1092 de
1049 1024 1223 1112 fratribus
1246 1024 1366 1092 vestris
1389 1035 1570 1114 tamquam

239 1155 314 1220 me,·
336 1135 449 1222 ipsum
471 1130 621 1200 audietis
644 1132 744 1200 iuxta
763 1132 882 1200 omnia
904 1153 1141 1223 qrmccumque
1164 1131 1301 1199 locutus
1319 1130 1435 1219 [uerit
1457 1131 1570 1215 vobis,·

240 1262 274 1307 r.
299 1244 342 1305 23
366 1238 431 1305 erit
455 1250 571 1306 aretem
594 1239 874 1307 :omnisauima
902 1259 991 1328 quae
1018 1259 1089 1304 nou
1116 1237 1270 1304 condierit
1292 1236 1504 1328 prophetam
1528 1235 1569 1302 il-
1652 1272 1656 1279 ·

5 1310 14 1359 ³5
29 1332 43 1397 .'
75 1396 112 1420 ,2
241 1345 332 1430 lum,
354 1344 637 1413 exterminabitur
660 1344 700 1412 de
717 1343 838 1436 plede;
857 1344 901 1412 ol.
924 1348 1020 1411 Dent.
1047 1350 1149 1426 18,15
1170 1341 1265 1433 ¹s'*eq.;
1291 1365 1382 1433 quae
1404 1345 1434 1410 ai
1453 1342 1568 1412 valent
1619 1412 1621 1416 Α

242 1446 298 1518 de
313 1450 407 1519 omni
431 1453 603 1542 prophete
625 1473 730 1541 quem
760 1455 846 1518 [leus
872 1450 1037 1518 missurus
1067 1456 1133 1532 est,
1162 1472 1183 1517 a
1213 1442 1356 1518 fortiore
1372 1448 1502 1516 -ralen't
1523 1449 1588 1517 de.
1656 1508 1664 1521 .

240 1579 375 1625 summo
394 1559 592 1648 propheta,
617 1557 659 1625 de
699 1557 816 1624 llessia
847 1557 909 1647 qui
943 1556 1091 1647 populo.
1112 1565 1187 1623 erat
1223 1555 1412 1646 promissus
1444 1560 1481 1622 et
1508 1555 1569 1644 qui

237 1663 388 1732 maxime
412 1663 566 1730 omnium
594 1668 667 1730 erat
692 1684 728 1729 os
755 1662 814 1730 llei
841 1667 875 1730 et
895 1663 1100 1730 auctoritate
1127 1661 1248 1729 divina
1267 1659 1488 1751 loquebatur.
1514 1660 1567 1730 uti

238 1775 325 1838 Dens
350 1769 434 1835 olim
462 1767 686 1835 multifariam
713 1767 897 1859 multisque
927 1769 1040 1836 modis
1072 1769 1206 1836 locutus
1229 1767 1342 1835 estin
1367 1766 1563 1857 prophetis,

236 1876 286 1943 ita
316 1880 433 1965 postea
461 1875 593 1942 locutus
624 1882 676 1942 est
705 1874 741 1941 in
776 1875 862 1942 Filio
894 1874 1010 1965 (Hebr.
1035 1874 1120 1964 1,1),
1146 1873 1229 1941 inde
1258 1873 1360 1964 quasi
1386 1874 1568 1942 ostendens

239 2003 367 2069 agmen
384 1980 631 2071 prophetarum
650 1980 775 2048 ducere
797 1981 841 2049 ad
858 1981 1045 2064 Christum,
1065 1981 1203 2048 culmen
1217 1985 1258 2046 'et
1283 1986 1391 2070 eaput
1412 1966 1573 2071 prophe-²

238 2094 369 2169 tarum,
392 2108 579 2177 perquem
603 2086 731 2154 locutio
758 2086 815 2155 Dei
840 2087 883 2154 ad
906 2109 970 2154 nos
998 2087 1209 2161 absolvetur,
1233 2090 1306 2164 Quo
1334 2109 1434 2154 sensu
1459 2086 1567 2155 verba

58 2186 61 2193 ’
130 2196 133 2202 ’
236 2191 300 2260 illa
317 2197 413 2260 Dent.
439 2198 540 2275 1s,15
557 2214 628 2282 seq.
645 2214 725 2260 vere
745 2194 815 2260 sint
834 2192 1116 2276 messiana,vide
1132 2191 1228 2282 apud
1247 2191 1410 2282 Comely,
1433 2192 1563 2261 lntrod.

239 2302 311 2366 112
336 2297 383 2388 (2.
407 2297 478 2388 ed.)
504 2320 539 2389 p.
562 2306 626 2366 275
655 2320 726 2388 seq.
748 2298 861 2366 Verba
885 2299 1074 2366 recitantur
1098 2321 1119 2366 e
1142 2303 1242 2366 Petro
1266 2299 1313 2368 ad
1338 2320 1476 2367 sensum
1508 2306 1566 2366 ac-

239 2409 374 2485 curate}
397 2426 543 2494 praepo
569 2403 661 2471 ultor
682 2405 843 2473 assutam
867 2404 963 2472 illem
992 2406 1090 2494 ponit
1112 2427 1264 2495 poenam
1288 2427 1379 2495 quae
1397 2405 1499 2473 toties
1527 2405 1566 2472 in

237 2514 306 2579 ret.
341 2515 417 2577 test.
456 2511 661 2600 proponitur
709 2513 799 2598 (Gen.
837 2516 948 2593 tr,1u.
981 2516 1058 2579 Lev.
1095 2517 1188 2593 ’1,20.
1223 2517 1279 2579 21.
1315 2515 1402 2579 Num
1449 2517 1562 2592 19,13.
1678 2550 1682 2561 ν

237 2622 281 2683 20
300 2618 377 2701 etc.)
391 2637 413 2686 ,ε
433 2618 716 2686 exterminabitur
734 2617 777 2684 de
798 2618 914 2707 plebe,
937 2640 959 2683 a
979 2617 1108 2709 populo
1126 2619 1200 2702 Dei,
1217 2640 1238 2686 a
1258 2616 1371 2685 salute
1394 2616 1564 2685 messiane

238 2721 453 2804 excludetur3
471 2723 520 2790 uti
542 2723 579 2790 in
598 2728 666 2792 vet.
683 2728 757 2790 test.
774 2724 923 2791 lormula
942 2723 1003 2791 illa
1023 2724 1222 2792 declaratur
1240 2746 1353 2816 poena
1366 2726 1503 2809 mortis,
1516 2723 1566 2791 ita

126 2879 134 2892 .
237 2828 295 2897 hic
319 2849 408 2896 mors
426 2828 550 2912 altera,
569 2828 716 2919 perditio
743 2834 883 2897 aeterna
904 2830 1120 2918 designatur.
1142 2835 1275 2909 Quanta
1299 2829 1393 2899 enim
1410 2834 1501 2898 'eura
1525 2852 1565 2897 ae

237 2933 470 3003 sollicitudine
503 2935 654 3003 debeant
687 2935 965 3004 adhortationem
994 2937 1086 3005 hanc
1122 2937 1297 3027 suscipere
1331 2943 1366 3004 et
1398 2935 1562 3026 proinde,

238 3047 449 3131 quantopere
475 3063 547 3109 sese
575 3041 722 3109 reddent
749 3041 915 3109 obnoxios
940 3043 1063 3111 ultioni
1092 3042 1301 3127 divinae,si
1328 3041 1562 3130 neglexerint,

237 3144 380 3213 ulterius
403 3146 554 3216 inculcet
577 3153 693 3216 Petrus
717 3171 757 3216 ex
781 3171 822 3215 eo
847 3148 942 3238 quod
965 3153 1053 3216 Deus
1075 3149 1180 3235 longa
1203 3147 1454 3239 prophetarum
1478 3147 1564 3216 serie

238 3250 330 3318 hanc
350 3253 492 3320 salutem
518 3255 737 3337 messionem,
760 3277 849 3344 quae
867 3277 959 3321 nuno
978 3254 1020 3321 iis
1041 3255 1215 3335 offeratur,
1232 3254 1508 3335 annuntiandam
1523 3274 1564 3321 ac

237 3358 510 3447 praeparandam
531 3361 664 3428 curavit
678 3384 711 3427 v.
728 3368 770 3429 m
786 3374 819 3428 et
834 3384 948 3428 omues
960 3359 1152 3450 prophetae
1166 3383 1190 3428 a
1202 3358 1362 3444 Samuel,
1384 3360 1445 3449 qui
1467 3358 1564 3451 quasi

238 3463 399 3554 princeps
416 3487 456 3532 ec
476 3473 580 3554 ceput
598 3474 669 3535 erat
684 3470 782 3534 cunei
797 3468 1043 3556 prophetarum
1060 3468 1092 3556 (l
1112 3471 1196 3553 lleg.
1216 3466 1332 3558 1920)
1354 3477 1388 3533 et
1401 3465 1564 3555 deinceps
1634 3458 1638 3465 ’

238 3568 301 3659 q'ui
319 3569 426 3638 lacerti
438 3586 519 3638 suut
533 3584 590 3642 τῶν
611 3578 759 3657 καθεξῆς,
779 3578 840 3642 ’ἐσσι
855 3579 1006 3656 ἐλάλησαν
1021 3612 1066 3623 -
1082 3594 1185 3663 saepe
1203 3578 1408 3640 construunt
1416 3578 1492 3665 ⁸teu
1504 3582 1563 3641 τῶν

237 3683 365 3763 mosim
379 3685 530 3764 ἐλάλησαν
550 3718 595 3729 -
608 3680 669 3746 sed
684 3678 805 3746 melius
818 3680 966 3745 refertur
982 3679 1028 3746 ad
1042 3684 1118 3761 ἀπὲ;
1136 3706 1153 3739 «
1171 3700 1244 3746 esse
1258 3677 1410 3746 debebat
1423 3684 1473 3748 καὶ
1491 3686 1558 3748 uzt.

236 3783 310 3851 aine
330 3795 402 3866 τῶν,
423 3806 468 3852 ne
490 3795 516 3853 at
541 3794 614 3853 eat.
637 3784 741 3851 simul
769 3806 848 3851 cum
873 3784 1031 3852 Samuele
1059 3784 1197 3852 initium
1228 3784 1483 3872 significarent3
1504 3783 1564 3852 sed

236 3895 286 3956 est
314 3889 532 3978 negligentia
566 3889 767 3958 excusabilis
802 3919 819 3953 s
855 3890 938 3979 (Bt.)
968 3890 1266 3958 abutentiauerunt
1289 3888 1363 3958 dies
1389 3890 1489 3974 istor,
1508 3896 1565 3960 «καὶ

235 4005 437 4084 κατήγγειλαν
466 3996 567 4064 etiam
595 3999 844 4065 annuntiarunt
862 3996 887 4064 i.
911 4019 941 4064 e.
963 4019 1036 4064 non
1065 3997 1178 4066 solum
1201 3997 1395 4084 generatim
1414 3997 1564 4087 propbe-

235 4107 368 4184 tarunt,
384 4125 503 4173 verum
524 4106 628 4171 etiam
655 4103 715 4171 bos
744 4101 815 4171 dios
844 4103 868 4170 i.
893 4127 924 4170 e.
946 4104 1092 4172 salutem
1120 4104 1330 4171 messianum
1355 4123 1445 4193 quae
1471 4122 1564 4169 nunc

236 4207 333 4275 vobis
358 4208 769 4299 ollerlurpraedioabant.
1301 4260 1303 4266 ,

282 4320 448 4393 Quantam
467 4315 574 4402 igitur
592 4316 728 4405 culpam
750 4317 1010 4400 contraherent,
1028 4317 1056 4383 si
1074 4317 1178 4384 buius
1199 4313 1324 4383 salutis
1344 4313 1563 4401 negligentes

238 4443 276 4489 se
299 4421 522 4511 praeberent,
543 4443 631 4511 quae
654 4422 765 4511 primo
790 4431 824 4489 et
842 4422 917 4490 iure
941 4422 1093 4513 quodem
1111 4420 1302 4512 praecipuo
1328 4419 1374 4487 ad
1400 4441 1460 4487 eos
1482 4442 1562 4511 per·

240 4526 343 4610 tinel;
359 4549 439 4595 nam
454 4550 486 4596 v.
505 4534 547 4595 25
563 4550 622 4594 vos
634 4526 715 4594 estis
725 4526 796 4617 filii
808 4527 1058 4618 prophetorum
1073 4541 1106 4595 et
1125 4525 1321 4595 testamenti
1336 4524 1433 4616 'quod
1445 4524 1559 4618 dispo-

241 4633 310 4699 suit
330 4637 418 4701 Deus
432 4633 479 4730 od
492 4645 610 4724 patres
628 4645 779 4720 trostros,·
793 4634 955 4702 dicuntur
974 4635 1044 4723 filii
1063 4628 1159 4702 more
1179 4632 1362 4715 hebraico,
1377 4632 1460 4724 quia
1484 4656 1560 4702 ora·

240 4739 323 4806 cula
337 4740 583 4831 prophetarum
610 4747 645 4808 et
664 4739 785 4808 foedus
807 4739 864 4807 [tei
885 4740 1007 4808 adeas
1028 4739 1179 4830 pertinet
1199 4746 1234 4807 et
1252 4738 1337 4831 quia
1353 4739 1437 4808 inde
1460 4740 1560 4830 quasi
