4154 5452
164 328 167 333 ’
221 328 279 387 lia
765 349 833 395 Aer.
855 330 993 404 sutae.

102 492 104 496 ’
218 479 338 540 iterum
357 496 396 541 ex
414 484 560 560 tempore
582 483 725 545 Neronis.
743 482 819 543 lude
835 479 931 556 aliqui
951 476 1174 538 concludunt:
1194 492 1269 555 ergo
1292 478 1437 553 tempora
1454 477 1537 538 Gali-

216 575 311 654 gulae
336 582 368 639 et
391 579 513 640 Claudii
535 582 708 641 Damascus
737 583 804 638 erat
825 576 882 636 sub
907 575 1027 636 ditione
1054 576 1168 671 Aretes
1197 573 1282 652 regis
1312 572 1365 654 (ci.
1392 568 1538 651 Sebatrer,

216 673 404 737 Gescbicbte
419 677 475 737 des
487 676 559 754 jud.
575 677 690 758 Vollras
710 675 755 733 im
770 671 918 733 Zeitalter
938 673 960 733 Ι.
981 672 1037 734 Ch.
1057 674 1070 734 1
1091 691 1122 751 p.
1143 671 1316 752 618311p.
1337 670 1406 752 68);
1429 676 1539 748 posset

214 769 288 832 addi
315 775 446 834 Aretam
472 774 606 834 tortasse
630 773 821 830 Damascum
847 786 1017 849 occupasse
1041 777 1115 850 post
1143 774 1281 831 mortem
1311 768 1539 845 libertinum

212 868 361 948 Vitellius
376 876 506 948 accepto
520 868 583 929 hoa
597 868 710 928 nuntio
722 867 785 926 iam
795 883 860 927 non
870 867 991 930 bellum
1007 873 1117 930 contre
1131 869 1261 928 Aretam
1274 869 1535 945 prosequeretur,

213 966 270 1027 sed
291 967 451 1027 militibus
469 966 502 1026 in
524 968 628 1026 castra
648 963 783 1025 hiberna
806 966 996 1045 consignetis
1021 968 1155 1026 Romam
1177 962 1452 1041 proficisceretur3
1474 981 1539 1042 qua

106 1052 108 1057 ⁴
214 1063 454 1142 opportunitate
473 1078 551 1122 usus
571 1060 695 1122 videtur
714 1066 823 1124 Aretes
841 1064 880 1124 ad
898 1064 1011 1124 urbem
1030 1058 1261 1139 occupandam.
1277 1060 1321 1119 De
1343 1058 1427 1120 bello
1446 1061 1533 1140 quod

213 1161 323 1220 Aretes
336 1159 455 1219 Herodi
468 1159 601 1238 Antipae
615 1159 724 1220 intulit
735 1159 809 1221 vide
824 1160 908 1239 apud
922 1157 1100 1237 Iosepliam,
1117 1156 1225 1235 Autiq.
1243 1157 1359 1231 laps.
1373 1157 1402 1216 3.
1415 1156 1535 1217 Verum

212 1255 291 1316 baec
304 1259 414 1316 tamen
428 1256 550 1317 incerta
563 1262 653 1329 sunt,
666 1274 771 1337 neque
787 1275 826 1318 ex
839 1274 877 1318 eo
894 1254 979 1333 quod
998 1258 1107 1315 Aretes
1122 1255 1239 1315 urbem
1254 1253 1398 1332 possidet
1412 1252 1534 1331 aliquid

211 1368 271 1429 pro
286 1351 552 1415 determinatione
567 1356 722 1432 temporis
741 1358 827 1415 certo
846 1352 952 1444 colligi
968 1356 1084 1430 potest.
1102 1353 1183 1414 Nam
1201 1368 1337 1432 regnum
1357 1352 1538 1413 Nabataeo·

93 1464 94 1467 ’
212 1465 285 1510 rum
304 1449 388 1512 ultra
408 1452 597 1512 Damascum
618 1449 866 1529 protendebatur
886 1448 981 1510 etiam
1007 1450 1133 1510 Traiani
1155 1457 1317 1529 tempore3
1346 1466 1385 1511 ex
1408 1449 1534 1511 deiectu

212 1563 385 1609 numornm
400 1547 481 1608 nihil
495 1564 590 1627 posse
602 1546 766 1617 concludi,
784 1562 802 1606 e
818 1552 928 1607 contra
940 1549 1130 1609 Damascum
1145 1547 1254 1625 alique
1266 1547 1389 1608 ratione
1405 1542 1534 1625 semper

211 1644 376 1706 subditam
402 1643 502 1705 fuisse
528 1643 656 1722 regibus
686 1643 917 1705 Nabataeorum
941 1644 1106 1705 contendit
1134 1643 1304 1706 Mommsen
1329 1642 1531 1723 (Roamische

210 1740 433 1802 Geschiahtell
448 1759 478 1819 p.
495 1740 579 1820 llll.
595 1742 641 1800 De
656 1739 712 1802 illo
726 1744 834 1801 autem
850 1741 932 1803 bello
946 1741 1059 1803 Aratea
1074 1746 1184 1803 contra
1205 1740 1365 1803 llerodem
1380 1742 1532 1821 Antipam

209 1841 243 1899 et
260 1842 370 1899 contra
391 1836 558 1899 Vitellium
581 1855 695 1918 parum
716 1841 828 1899 notum
842 1842 900 1899 est.
922 1838 1011 1901 Unde
1029 1856 1086 1919 pro
1109 1840 1232 1901 ratione
1253 1838 1478 1917 chronologica
1496 1856 1534 1900 aa
1559 1838 1560 1842 ’

208 1936 228 1994 A
243 1936 313 1996 Cor·
329 1936 421 2009 ll,32
435 1934 516 1997 nihil
531 1935 639 2015 colligi
652 1939 761 2015 potest
772 1936 862 1997 certi.

250 2172 395 2241 lusidius
418 2172 520 2242 Seulo
547 2179 691 2243 structas
718 2196 789 2243 esse
817 2182 994 2264 postquam
1020 2198 1061 2242 ex
1091 2175 1363 2243 commoratione
1389 2175 1530 2243 arabica

206 2277 309 2345 rediit
331 2283 550 2362 Damascum,
572 2281 678 2371 idque
702 2303 724 2349 a
745 2286 834 2349 Luca
848 2280 955 2348 altera
972 2281 1032 2349 illa
1044 2283 1210 2372 temporis
1222 2281 1462 2368 designatione
1473 2282 1531 2348 in-

206 2382 332 2469 dicari,
361 2384 450 2452 bene
473 2385 543 2452 iam
566 2394 810 2476 perspexerunt
829 2392 958 2455 veteres
980 2386 1184 2476 interpretes
1206 2387 1300 2477 (Oec.
1322 2386 1431 2455 Solm.
1455 2386 1528 2455 Gai.

206 2491 294 2557 Har.
322 2494 408 2581 Lep.
443 2490 569 2582 Calai.)
592 2500 627 2560 at
649 2492 834 2560 ostendunt
861 2492 1066 2560 recentiores
1089 2492 1250 2561 catholici
1281 2491 1390 2583 (Beel.
1429 2492 1531 2560 Win-

207 2593 427 2683 discdmonn,
456 2597 571 2680 Halae,
594 2597 657 2665 Fel
673 2598 712 2689 ..)
741 2597 837 2666 Venit
859 2598 966 2686 igitur
987 2597 1108 2667 Saulus
1130 2598 1168 2667 in
1192 2598 1317 2668 urbem
1341 2597 1528 2668 Ierusalem

206 2701 316 2770 tribus
335 2711 411 2793 post
432 2705 689 2772 conversionem
709 2726 804 2772 suam
832 2705 930 2772 annis
952 2703 1036 2794 (Gal.
1066 2706 1177 2789 1,18);
1203 2727 1237 2772 v.
1254 2712 1297 2773 Ab
1313 2727 1391 2773 cum
1409 2717 1526 2773 autem

205 2808 350 2876 velasset
368 2811 405 2876 in
424 2809 625 2895 Ierusalem,
646 2813 797 2878 tentabat
812 2833 847 2878 se
867 2811 1008 2900 iungere
1023 2810 1222 2901 discipulis,
1244 2822 1277 2878 et
1295 2833 1413 2878 omnes
1427 2810 1526 2879 time-

82 2918 85 2925 '
203 2915 285 2981 bant
310 2935 389 2982 eum
412 2909 483 2984 mo'n
501 2915 675 2984 credentes
700 2915 794 3006 qaod
815 2929 899 2984 esset
920 2914 1111 3007 discipulus
1132 2925 1300 2987 κολλᾶσθαι
1322 2917 1524 3000 adhaerere,

203 3020 345 3110 proprie
372 3021 622 3111 conglutinari3
646 3024 746 3113 proin
766 3022 983 3090 familiariter
1006 3022 1175 3091 cumillis
1195 3024 1405 3092 conversari.
1426 3027 1525 3092 Notat

205 3125 259 3192 Bl.
279 3148 294 3192 .·
309 3154 326 3190 (ι
343 3136 511 3215 apolenare,
531 3128 598 3197 hoc
612 3151 734 3219 parum
748 3128 931 3197 verisimile
945 3126 1075 3210 dieunt,
1092 3136 1278 3220 postquam
1297 3153 1361 3221 per
1374 3131 1527 3217 integros

206 3253 316 3301 anuos
341 3256 378 3301 se
400 3235 554 3303 Damasci
582 3235 810 3303 Christianum
831 3236 1000 3325 protomus
1026 3242 1087 3303 ast.
1115 3235 1237 3319 Credo,
1263 3235 1292 3303 si
1315 3235 1529 3304 contrarium

207 3343 368 3422 exstaret,
396 3340 463 3408 hoc
484 3363 603 3409 rursus
625 3341 842 3424 mirarentur,
863 3363 974 3431 neque
993 3343 1066 3408 sine
1089 3364 1202 3410 causa.
1230 3340 1391 3410 Videmus
1411 3347 1526 3409 autam

207 3465 316 3512 unum
337 3451 429 3513 certe
448 3446 686 3535 Hierosolymis
703 3447 817 3529 fuisse,
840 3446 897 3515 cui
913 3469 953 3515 aa
972 3468 1026 3514 res
1041 3449 1121 3515 satis
1135 3455 1312 3538 comperta
1326 3452 1426 3529 esset,
1443 3452 1527 3515 Bar·

205 3551 351 3633 nabam3
371 3556 502 3620 ceteros
520 3574 601 3620 vero
621 3558 692 3619 tam
714 3553 883 3638 singulari
905 3552 1025 3621 nuntio
1043 3552 1137 3621 haud
1157 3553 1226 3620 cito
1242 3553 1346 3622 fidem
1360 3553 1522 3622 habuisse

206 3656 350 3724 minim
373 3657 499 3725 mirum
523 3668 574 3727 est
593 3686 624 3724 a.
649 3662 739 3724 Bene
759 3656 930 3725 indicatur
942 3659 1035 3727 hisce
1048 3658 1184 3727 indoles
1198 3659 1414 3750 quorundam
1428 3659 1527 3727 criti·

205 3785 337 3845 corum,
354 3763 415 3853 qui
433 3762 527 3854 apud
543 3764 745 3854 scriptorem
759 3785 893 3831 sacrum
907 3763 1008 3830 facile
1023 3764 1161 3854 quidvis
1174 3764 1212 3833 in
1225 3764 1370 3834 dubium
1386 3771 1524 3834 vocant.

204 3867 394 3958 Discipulos
412 3869 732 3958 hierosolymitanos
749 3868 905 3937 nondum
918 3870 1085 3960 accepisse
1099 3878 1234 3940 certum
1248 3870 1409 3939 nuntium
1422 3870 1524 3939 facile

205 3974 404 4065 explicatur.
428 3978 513 4042 Nam
538 3974 598 4043 diu
621 3975 748 4045 latebat
765 3976 802 4044 in
822 3974 946 4044 Arabia
963 3975 1102 4056 Saulus;
1122 3977 1151 4045 si
1167 3977 1213 4045 ad
1227 3976 1331 4045 fidem
1346 3999 1528 4046 conversus

206 4086 257 4149 est
281 4102 384 4149 anno.
400 4085 456 4165 di,
485 4080 579 4149 venit
603 4104 687 4170 argo
710 4083 893 4150 Ierusalem
916 4104 1008 4151 anno
1032 4090 1090 4163 3¹l;
1115 4085 1185 4152 iam
1211 4106 1306 4152 anno
1329 4090 1371 4152 36
1394 4082 1527 4151 bellum

206 4193 363 4256 exortum
384 4191 436 4256 est
455 4186 546 4255 inter
566 4188 732 4256 Herodem
746 4190 904 4279 Antipam
917 4193 951 4256 et
964 4195 1119 4273 Aretam3
1136 4212 1206 4282 quo
1221 4189 1315 4258 bello
1329 4190 1435 4258 etiam
1452 4189 1528 4257 lieri

207 4295 320 4386 potuit
342 4300 381 4363 ut
405 4292 650 4362 commercium
674 4293 765 4362 inter
788 4294 969 4363 lerusalam
993 4302 1027 4364 et
1044 4301 1244 4365 Damascum
1265 4295 1529 4387 perturbaretur

207 4402 263 4469 vel
283 4403 595 4492 interrumperetur
621 4400 679 4492 (cl.
705 4400 892 4485 Beronices,
917 4402 1098 4471 Tillemont
1119 4402 1248 4494 aliique
1265 4401 1359 4493 apud
1380 4401 1524 4493 Galm.);

210 4507 270 4576 alii
291 4514 432 4576 censent
451 4507 545 4575 inter
562 4506 738 4575 ecclesiam
762 4507 1097 4597 hierosolymitanam
1118 4514 1154 4576 et
1173 4530 1301 4599 paucos
1317 4508 1528 4578 Christianos

210 4614 432 4683 damascenos
450 4613 506 4683 vix
529 4612 668 4682 crebros
684 4614 786 4683 inisse
804 4621 1025 4682 commeatus.
1040 4619 1220 4683 Praeterea
1235 4614 1526 4686 considerandum

210 4724 261 4787 est
284 4720 399 4811 qualis
424 4727 621 4812 persecutor
646 4726 745 4789 notus
767 4719 871 4790 fuerit
894 4719 1015 4789 Saulus
1035 4723 1073 4789 in
1092 4719 1178 4789 urbe
1196 4727 1274 4807 8,a;
1301 4729 1371 4807 9,t.
1395 4730 1432 4806 23
1462 4721 1525 4791 etsi
