4154 5452
1099 320 1169 366 xcr.
1193 306 1256 376 9,5.
1778 303 1836 364 159

513 457 599 535 lesu,
630 456 669 520 ut
694 474 729 521 se
755 460 935 541 agnoscat;
967 452 1086 519 contra
1115 450 1207 517 hanc
1227 448 1436 519 voluntatem
1465 453 1499 517 et
1522 450 1836 520 manifestationem

512 580 616 647 agere
632 581 703 627 non
719 559 849 649 poterit
862 579 933 624 esse
949 556 1017 623 nisi
1031 554 1203 623 resistenti
1217 557 1363 624 maxime
1378 576 1556 646 asperum,
1573 555 1788 624 damnosum.

557 667 766 752 Plerumque
789 661 1001 730 locutionem
1020 662 1275 752 proverbialem
1292 663 1340 731 ita
1359 661 1546 754 accipiunt,
1571 667 1610 731 ut
1624 660 1744 731 Saulus
1760 684 1839 729 cen-

512 776 627 839 seatur
652 769 722 835 iam
748 774 907 858 expertus
934 790 1006 836 esse
1030 768 1185 838 stimulos
1209 770 1436 838 conscientiae
1457 777 1575 838 contra
1598 791 1695 838 suam
1723 789 1839 859 perse-

512 874 643 967 quendi
659 874 843 942 rationem.
867 879 994 944 Putant
1015 877 1108 943 enim
1123 876 1239 944 verbis
1250 876 1320 943 illis
1334 875 1482 942 indicari
1496 877 1589 943 Sauli
1603 876 1758 943 animum
1774 896 1837 942 an-

511 987 652 1071 tequam
682 986 775 1051 lcsus
804 982 856 1049 illi
885 987 1068 1072 appareret
1091 981 1163 1048 iam
1191 980 1320 1048 crebris
1343 979 1515 1047 interioris
1543 980 1675 1068 gratiae
1699 980 1838 1049 divinae

451 1177 454 1182 Α
511 1088 662 1157 motibus
686 1087 872 1156 excitatum
896 1087 1016 1168 luisse,
1044 1091 1082 1153 ut
1107 1107 1128 1153 a
1149 1085 1324 1177 proposito
1351 1086 1542 1169 desisteret3
1570 1085 1697 1177 quibus
1721 1093 1839 1153 tamen

512 1195 663 1266 motibus
688 1216 768 1261 eum
796 1192 939 1260 minime
963 1191 1236 1284 obtemperasse,
1258 1192 1318 1262 sed
1332 1197 1452 1261 contra
1468 1191 1630 1262 restitisse
1646 1193 1704 1284 (cl.
1723 1191 1835 1261 Sclm.
1920 1250 1924 1258 .

511 1300 602 1370 Beel.
623 1298 739 1388 Patr.)
763 1297 820 1365 vel
846 1319 854 1367 :
880 1297 1027 1367 stimulis
1048 1298 1311 1384 miraculorum,
1333 1299 1538 1385 sanctitatis,
1562 1299 1837 1390 disputationum

510 1405 692 1497 Stephani,
724 1403 994 1496 praeclarissimi
1019 1407 1166 1496 exempli
1193 1426 1262 1496 quc
1289 1406 1424 1473 veniam
1443 1404 1651 1497 implorabat
1679 1428 1742 1496 pro
1770 1404 1837 1472 ini·

510 1510 624 1595 micis,
653 1510 869 1579 constantiae
895 1532 935 1579 ac
959 1511 1096 1602 pietatis
1124 1510 1279 1579 fidelium
1309 1510 1429 1579 crebro
1461 1511 1614 1579 Christus
1639 1516 1836 1602 pupugerat

510 1621 663 1687 mentem
679 1617 786 1701 Sauli,
804 1622 843 1687 ut
863 1617 951 1687 inse
968 1617 1125 1686 crederet
1140 1618 1198 1709 (cf.
1219 1621 1303 1709 Lep.
1324 1616 1532 1704 Menoetius,
1552 1617 1699 1700 Tirinus,
1715 1616 1779 1685 Fel
1795 1618 1832 1707 .).

510 1730 635 1793 Verum
655 1724 779 1793 dubito
795 1746 880 1798 num
894 1730 986 1792 recte
1001 1723 1037 1791 id
1053 1728 1233 1793 statuatur.
1251 1724 1375 1793 Paulus
1387 1725 1494 1811 enim,
1511 1725 1564 1793 sui
1578 1724 1685 1815 ipsius
1699 1724 1836 1793 attestis
1909 1778 1912 1782 »

510 1838 545 1905 et
565 1837 757 1913 accusator,
784 1830 827 1898 de
842 1828 1012 1898 eiusmodi
1030 1830 1177 1898 stimulis
1192 1829 1246 1898 vel
1260 1830 1539 1922 inspirationibus
1557 1833 1691 1920 gratiae
1710 1831 1836 1921 quibus

510 1937 673 2005 restiterit
694 1941 728 2005 et
745 1935 1015 2005 recalcitraverit
1036 1958 1107 2004 non
1128 1935 1242 2005 solum
1261 1937 1350 2006 nihil
1363 1937 1500 2022 fatetur,
1517 1937 1578 2005 sed
1591 1937 1653 2005 illa
1670 1937 1758 2004 mihi
1776 1959 1836 2005 ne-

510 2066 595 2133 gare
609 2042 760 2111 videtur.
780 2047 823 2110 Se
838 2048 939 2110 vocat
951 2042 1093 2133 quidem
1109 2042 1363 2133 blasphemum,
1381 2048 1643 2134 persecutorem,
1663 2049 1837 2110 contume-

510 2149 636 2217 liosum
655 2148 842 2239 (ὑόριστήν);
859 2148 919 2217 sed
929 2147 1036 2217 simul
1047 2148 1168 2216 addit:
1189 2149 1249 2217 sed
1265 2148 1535 2217 misericordiam
1548 2152 1747 2217 consecutus
1761 2169 1837 2216 sum
1931 2152 1935 2158 '

510 2257 593 2347 quia
606 2255 773 2343 ignorans
789 2258 906 2344 ἀγνοῶν
920 2254 985 2322 feci
999 2254 1035 2321 in
1045 2253 1290 2323 incredulitate
1304 2256 1337 2345 (1
1351 2255 1436 2324 Tim.
1452 2254 1557 2344 ata).
1570 2259 1705 2324 Fatetur
1715 2277 1750 2323 se
1761 2277 1838 2346 per-

509 2368 666 2431 secutum
679 2383 753 2430 esse
770 2359 975 2445 Ecclesiam3
993 2364 1029 2430 at
1039 2360 1143 2428 simul
1158 2360 1242 2430 dicit
1260 2368 1317 2431 :et
1331 2383 1395 2450 ego
1407 2361 1549 2452 quidem
1562 2361 1838 2429 existimaveram

512 2473 614 2559 (ἔδοξα
633 2467 767 2557 ἐμαυτῷ)
789 2490 845 2536 me
868 2467 1030 2536 adversus
1050 2488 1178 2536 nomen
1199 2472 1273 2536 lesu
1291 2466 1410 2535 debere
1431 2466 1516 2558 (δεῖν)
1537 2467 1648 2535 multa
1665 2466 1839 2534 contraria

509 2596 614 2663 agere
630 2575 717 2664 (Act.
736 2573 855 2665 26,s);
870 2575 999 2643 latetur
1016 2595 1052 2642 se
1068 2573 1330 2665 supramodum
1344 2574 1414 2643 καθ’
1430 2582 1599 2663 tmpestas
1619 2579 1836 2664 persecutum

511 2703 582 2749 esse
605 2680 811 2764 Ecclesiam
841 2681 903 2750 sed
924 2679 1066 2771 qualem
1087 2700 1124 2748 se
1148 2687 1230 2748 tunc
1254 2678 1357 2748 fuisse
1376 2679 1478 2747 dicit?
1496 2707 1513 2741 a
1531 2678 1764 2747 abundantius
1779 2700 1836 2746 ae-

509 2788 662 2856 mulator
675 2787 838 2855 exsistens
850 2792 1077 2878 paternarum
1093 2807 1250 2855 mearum
1261 2785 1486 2854 traditionum
1500 2813 1516 2846 ν
1528 2785 1615 2875 (Gal.
1634 2791 1738 2875 Mt).
1755 2791 1836 2853 Pro-

511 2893 627 2961 fitetur
652 2893 794 2983 quidem
817 2914 853 2960 se
876 2892 1061 2980 indignum
1086 2892 1147 2983 qui
1174 2898 1314 2960 vocetur
1335 2892 1508 2983 apostolus
1533 2891 1616 2982 quia
1639 2898 1836 2983 persecutus

510 2999 554 3067 sit
573 2997 759 3068 Ecclesiam
776 2998 808 3088 (1
827 3002 903 3067 Cor.
925 3001 1034 3084 15,9);
1055 3004 1090 3066 at
1107 2997 1212 3065 simul
1226 2997 1310 3067 dicit
1326 3017 1334 3065 τ
1348 3020 1415 3065 non
1429 2998 1481 3066 lui
1497 2997 1696 3066 incredulus
1711 3002 1835 3081 ἀπενθής

510 3105 714 3174 inobediens
732 3104 872 3173 coelesti
892 3104 1019 3172 outoni
1039 3104 1127 3195 (Act.
1149 3104 1279 3196 26,19),
1301 3104 1391 3173 nihil
1412 3104 1529 3173 desua
1549 3110 1669 3173 contra
1688 3105 1835 3193 inspira·

510 3212 621 3279 tiones
641 3210 802 3302 praevias
820 3212 1049 3280 contumacia.
1080 3209 1226 3279 Proinde
1245 3232 1285 3278 ex
1303 3211 1345 3278 iis
1363 3232 1451 3302 quae
1471 3211 1515 3279 de
1529 3232 1565 3278 se
1578 3216 1720 3278 testatur
1732 3218 1764 3278 et
1779 3233 1836 3277 ac-

510 3324 606 3386 cusat
627 3316 716 3386 nihil
742 3316 969 3408 deprehendo
989 3339 1059 3407 quo
1079 3322 1259 3385 censeatur
1276 3317 1421 3385 stimulis
1439 3315 1665 3385 conscientiae
1687 3318 1838 3404 agitatus

510 3445 582 3492 esse
607 3429 732 3492 contra
753 3444 855 3491 suum
877 3422 1004 3510 agendi
1029 3422 1189 3506 modum3
1215 3421 1252 3491 id
1282 3444 1389 3491 uuum
1413 3422 1498 3490 mihi
1518 3421 1636 3490 videre
1654 3424 1776 3490 videor
1802 3423 1838 3489 in

512 3530 613 3599 Saulo
637 3529 809 3615 evenisse,
836 3528 929 3619 quod
949 3527 1103 3597 Christus
1122 3529 1194 3596 suis
1215 3528 1385 3619 praedixit
1406 3549 1415 3597 ε
1436 3529 1532 3596 venit
1550 3528 1653 3611 hora,
1672 3536 1708 3596 ut
1727 3530 1839 3595 omnis

512 3637 573 3727 qui
589 3635 753 3704 interficit
774 3656 835 3702 vos
851 3634 1042 3703 arbitretur
1061 3633 1267 3725 obsequium
1285 3656 1320 3703 se
1334 3640 1506 3726 praestare
1520 3639 1587 3703 Deo
1604 3636 1710 3725 (loan.
1733 3638 1836 3723 162),

510 3765 661 3833 quocum
680 3741 786 3833 plane
804 3762 996 3830 congruere
1015 3740 1153 3809 videtur
1174 3740 1259 3809 illud
1281 3741 1374 3830 quod
1387 3741 1430 3809 dc
1445 3762 1481 3810 se
1496 3743 1671 3828 consessus
1686 3747 1735 3810 cst
1751 3747 1838 3809 l'au-

510 3851 563 3917 lus
577 3870 693 3917 coram
708 3849 865 3939 Agrippa
880 3868 889 3917 ε
907 3869 974 3937 ego
989 3848 1127 3938 quidem
1145 3847 1419 3916 err‘stimccerum
1433 3869 1488 3916 tue
1501 3847 1622 3916 debere
1637 3849 1744 3915 multa
1755 3870 1839 3915 cou-

511 3954 618 4025 traria
628 3952 906 4043 agereadversus
920 3975 1046 4021 nomen
1061 3959 1133 4022 lesu
1145 3955 1307 4022 Nazareni
1317 3957 1398 4042 (Act.
1416 3955 1521 4044 Μ).
1536 3959 1646 4033 Quare
1658 3961 1840 4045 putorectc

510 4085 569 4131 eos
583 4060 807 4152 interpretari
826 4059 889 4151 qui
907 4060 952 4128 de
969 4059 1140 4128 eiusmodi
1153 4059 1300 4129 stimulis
1315 4060 1427 4128 silent.
1453 4064 1503 4129 lta
1521 4059 1601 4128 silet
1619 4061 1728 4130 Color.
1748 4083 1760 4127 .·
1781 4062 1840 4128 Dei

511 4167 662 4238 consiliis
686 4166 866 4235 resistebat
885 4165 1010 4234 Saulus
1026 4165 1210 4235 Ecclesiam
1231 4172 1383 4235 evertere
1400 4166 1554 4250 molitus,
1577 4167 1637 4235 sed
1653 4176 1771 4236 contra
1779 4168 1838 4235 sti-

512 4274 858 4343 mulumcalcitrabat
869 4293 877 4340 ε
887 4273 1012 4341 frustra
1024 4272 1212 4343 nitebatur.
1224 4273 1276 4342 Ad
1285 4295 1358 4341 rem
1372 4273 1700 4366 praesentcmvcrba
1710 4274 1838 4341 relcrre

404 4419 407 4423 .
511 4382 815 4450 videturHcraeus
831 4400 844 4450 .·
858 4378 1117 4470 meiuspiraute
1131 4402 1190 4448 cor
1201 4385 1315 4460 tuum,
1325 4384 1363 4446 tu
1379 4385 1475 4470 potes
1490 4380 1631 4470 quidem
1645 4380 1839 4471 inspiratio-

511 4509 591 4556 nem
613 4486 780 4571 abiicere,
798 4488 870 4555 sive
885 4485 972 4554 mihi
988 4486 1126 4554 vocanti
1144 4492 1179 4555 et
1197 4487 1357 4555 excitanti
1370 4485 1565 4568 dissentire3
1581 4487 1641 4554 sed
1656 4487 1692 4554 id
1711 4486 1838 4556 durum

511 4593 575 4661 tibi
596 4598 631 4661 et
652 4594 808 4662 noxium.
829 4592 997 4662 Similiter
1015 4591 1107 4661 Barla
1126 4613 1140 4660 .·
1160 4616 1231 4662 non
1249 4598 1347 4684 potes
1363 4593 1517 4662 resistere
1538 4615 1635 4662 meae
1653 4595 1836 4686 potentiae.

556 4703 603 4768 Ea
617 4699 834 4792 apparitione
855 4704 967 4795 lesum
985 4722 1103 4770 revera
1130 4701 1241 4769 visum
1263 4721 1335 4768 esse
1358 4721 1379 4767 a
1404 4699 1508 4769 Paulo
1528 4708 1659 4769 certum
1674 4708 1739 4784 est3
1757 4723 1839 4770 nam
