4092 5490
1035 400 1103 444 rer.
1128 344 1288 456 rear-re.
1668 429 1680 461 ,
1763 388 1821 447 aar

498 542 591 619 7,53,
609 540 703 603 loen.
727 542 819 618 me.
842 532 1079 621 Unusquisque
1097 530 1247 599 debebat
1264 530 1330 598 sibi
1349 529 1450 598 fateri
1468 552 1505 597 se
1520 532 1589 598 suis
1608 534 1739 604 viribus
1753 558 1823 605 non
1943 600 1947 607 .

497 666 594 734 posse
615 662 751 730 semper
774 645 808 704 et
830 642 1024 704 constanter
1043 643 1167 706 cuncta
1191 638 1281 727 legis
1301 642 1486 728 praecepta
1506 638 1708 722 observare;
1731 641 1822 709 uude

496 751 598 840 plane
630 744 818 814 absurdum
852 747 901 810 est
931 743 1001 811 tale
1038 767 1125 812 onus
1152 748 1221 812 Deo
1253 744 1361 812 invito
1394 743 1481 811 velle
1514 741 1678 832 gentibus
1707 744 1822 834 impo-

411 880 413 884 ’
497 876 591 922 llere.

539 962 605 1023 Nos
625 957 692 1047 ipsi
707 955 835 1046 quibus
853 956 907 1024 lex
931 956 1014 1024 data
1028 964 1097 1041 est,
1114 944 1262 1025 salutem
1279 957 1461 1025 haurimus
1478 962 1512 1022 et
1533 956 1732 1046 quaerimus
1751 979 1822 1024 non

496 1064 643 1151 exlege,
661 1062 825 1132 milred
838 1084 903 1151 per
915 1063 1067 1153 qratiam
1085 1063 1230 1131 Domini
1246 1066 1323 1131 Iesu
1344 1061 1473 1131 Christi
1492 1060 1663 1129 credimus
1674 1061 1821 1143 salvari,

497 1168 787 1261 quemadmodum
806 1179 839 1235 et
853 1166 909 1234 illi
914 1189 928 1251 ‚·
941 1168 997 1234 hic
1016 1168 1238 1238 offenduntur
1252 1169 1361 1236 critici
1380 1167 1491 1258 (Hilp.
1515 1165 1657 1259 Wandt)
1674 1166 1823 1258 eoquod

497 1283 616 1344 Petrus
635 1276 798 1365 loquatur
819 1272 923 1340 modo
944 1273 1103 1364 paulin03
1130 1296 1237 1364 quare
1257 1280 1383 1343 Lucam
1404 1262 1601 1341 sermonem
1617 1274 1667 1342 ita
1684 1297 1824 1365 compo·

497 1382 603 1450 suisse
622 1386 661 1447 ut
674 1401 775 1446 omne
794 1377 979 1447 discrimen
996 1388 1031 1447 et
1044 1379 1223 1448 dissidium
1239 1380 1415 1457 doctrinae
1429 1380 1520 1447 inter
1533 1384 1670 1447 Petrum
1686 1386 1721 1449 et
1736 1386 1822 1449 Pau·

496 1487 569 1554 lum
593 1487 734 1552 tollatur
752 1491 786 1552 et
808 1493 986 1553 evanescat
1006 1485 1117 1576 (Hilp.
1134 1485 1263 1576 aliique
1287 1509 1327 1554 ex
1354 1513 1370 1549 α
1402 1486 1521 1553 schola
1545 1485 1749 1572 tubingensi
1771 1485 1817 1574 a).

499 1596 622 1659 Verum
650 1590 706 1658 isti
729 1591 839 1659 critici
856 1614 928 1659 non
951 1591 1113 1660 videntur
1138 1615 1292 1684 unquam
1318 1592 1442 1680 legisse
1467 1591 1541 1660 Gal.
1563 1597 1656 1676 t,l5.
1686 1596 1740 1673 16,
1761 1591 1824 1659 ubi
1930 1683 1931 1688 ἵ

496 1698 569 1788 ipse
589 1698 712 1766 Paulus
731 1697 876 1789 loquens
894 1699 939 1766 ad
960 1703 1099 1767 Petrum
1114 1700 1254 1789 exponit
1268 1700 1353 1790 quid
1373 1699 1448 1789 ipse
1464 1702 1636 1799 et-Petrus
1655 1703 1688 1765 et
1705 1696 1824 1766 fideles
1936 1756 1941 1765 .

497 1805 614 1873 ludaei
626 1803 734 1894 probe
750 1804 979 1873 intellexerint
1005 1826 1013 1873 τ
1037 1828 1098 1873 uos
1119 1811 1245 1873 natura
1266 1804 1384 1873 ludaei
1397 1807 1422 1900 i.
1444 1827 1475 1873 e.
1492 1811 1531 1873 tu
1555 1810 1589 1872 et
1607 1826 1675 1893 ego
1694 1803 1823 1893 aliique

497 1910 630 1994 ludaei,
651 1910 795 1978 scientes
816 1910 910 2001 quod
932 1933 1004 1978 non
1028 1911 1232 1980 iustificetur
1253 1912 1357 1980 homo
1380 1933 1420 1979 ex
1443 1912 1607 2002 operibus
1627 1910 1733 1999 legis,
1758 1911 1823 1978 nisi

495 2017 681 2107 perfidem
700 2021 774 2085 lesu
794 2016 931 2100 Christi,
949 2023 983 2084 et
1001 2039 1063 2085 nos
1081 2018 1118 2084 in
1137 2024 1249 2086 lesum
1271 2017 1443 2087 Christum
1462 2017 1689 2099 credidimus,
1713 2021 1752 2085 ut
1769 2014 1823 2084 iu·

496 2121 723 2191 stificaremur
736 2144 777 2189 ex
792 2122 862 2190 lide
880 2122 1006 2191 Christi
1028 2123 1114 2214 (Gal.
1133 2130 1227 2206 215.
1248 2125 1315 2211 16).
1331 2124 1427 2191 Unde
1442 2121 1567 2190 Paulus
1585 2123 1657 2212 ipse
1679 2126 1824 2188 testatur

497 2233 634 2296 Petrum
649 2230 686 2295 in
705 2228 825 2297 eadem
845 2251 960 2297 secum
980 2229 1050 2296 fide
1065 2252 1105 2297 ac
1121 2229 1343 2319 persuasione
1358 2248 1446 2310 esse3
1468 2229 1577 2296 immo
1595 2227 1637 2295 iis
1653 2227 1735 2318 ipsis
1748 2248 1823 2294 ver-

497 2335 551 2402 bis
570 2334 603 2402 ei
621 2334 659 2402 in
682 2336 883 2402 memoriam
902 2342 1041 2403 revocat
1060 2335 1145 2426 quid
1163 2335 1237 2434 ipse
1256 2340 1374 2404 Petrus
1396 2336 1434 2403 in
1452 2336 1518 2404 hac
1533 2333 1699 2423 legalium
1719 2355 1823 2424 quae·

498 2441 609 2508 stione
627 2440 767 2531 publice
788 2443 1075 2532 pronuntiaverit.
1096 2482 1141 2494 —
1162 2444 1263 2522 Quasi
1281 2465 1321 2510 cr
1345 2442 1480 2533 tripode
1501 2440 1705 2532 pronuntiat
1723 2438 1821 2529 Hilp.

498 2548 692 2614 orationem
720 2548 810 2615 hanc
831 2548 922 2616 Patri
942 2549 999 2617 hic
1017 2548 1120 2638 plane
1137 2548 1312 2616 immerito
1330 2549 1413 2639 poni
1439 2553 1473 2614 et
1497 2569 1569 2615 esse
1586 2544 1823 2636 interpolatio-

387 2731 388 2734 *
498 2674 578 2732 nem
591 2653 739 2720 auctoris
752 2653 798 2719 ad
812 2654 1039 2742 Theophilum
1055 2654 1118 2743 (sie
1134 2654 1196 2722 hat
1211 2654 1288 2721 hier
1306 2653 1507 2742 uberhaupt
1525 2651 1607 2719 hein
1621 2650 1821 2730 liausrecht‚

499 2779 591 2825 muss
603 2757 654 2825 als
669 2756 917 2846 Einschaltung
931 2759 1077 2847 gellen).
1822 2759 1828 2769 '

541 2866 628 2931 lla'ec
647 2863 737 2931 Petri
750 2865 914 2954 expositio
933 2866 1104 2933 reverenti
1119 2865 1255 2933 silentio
1267 2864 1451 2956 excipitur;
1468 2888 1502 2934 v.
1521 2871 1563 2931 la
1584 2862 1693 2931 tacuit
1707 2875 1822 2931 uatem

496 2969 607 3036 omnis
626 2968 833 3056 mrrltitudo;
850 2994 891 3038 cx
908 2971 1018 3038 altera
1037 2971 1182 3039 lectione
1197 2972 1336 3039 effertur
1357 2991 1365 3037 :
1387 2993 1467 3039 cum
1483 2971 1702 3039 assensissent
1719 2968 1824 3036 simul

496 3076 645 3142 seniores
672 3075 713 3143 iis
741 3098 829 3165 quae
856 3098 877 3142 a
904 3081 1003 3144 Petro
1033 3076 1125 3144 dicta
1157 3082 1271 3158 erant,
1296 3077 1404 3144 tacuit
1434 3082 1502 3144 otc.
1523 3075 1684 3166 Plerique
1716 3074 1824 3163 igitur

494 3179 608 3248 verbis
629 3181 865 3272 aequiescunt;
883 3181 942 3249 alii
962 3183 1083 3249 saltem
1103 3204 1173 3250 non
1192 3182 1309 3273 palam
1329 3183 1577 3272 obloquuntur,
1599 3180 1754 3248 videntes
1777 3180 1823 3249 ab

497 3287 538 3353 iis
552 3288 634 3376 ipsis
645 3286 691 3353 ad
706 3309 792 3377 quos
810 3295 1083 3377 provocaverant
1096 3295 1218 3376 gentes
1229 3311 1297 3356 non
1312 3288 1420 3376 adigi.
1438 3287 1571 3356 Animis
1583 3287 1632 3353 ita
1647 3285 1824 3377 dispositis

499 3392 627 3483 optima
647 3398 721 3459 erat
744 3394 893 3476 occasio,
910 3400 948 3460 ut
967 3395 1063 3460 miris
1084 3393 1143 3461 nei
1162 3396 1282 3482 gratiis
1300 3395 1391 3461 inter
1409 3400 1530 3481 gentes
1549 3392 1711 3483 expositis
1734 3413 1824 3481 quac

500 3503 585 3567 essct
600 3520 717 3566 revera
740 3498 800 3566 Dei
816 3498 993 3589 dispositio
1013 3500 1116 3568 etiam
1130 3500 1242 3588 magis
1257 3500 1491 3569 declararetur
1509 3505 1544 3567 et
1565 3499 1614 3567 ito
1638 3520 1759 3566 omues
1774 3521 1825 3566 as·

499 3603 688 3695 sumptioni
713 3606 870 3691 gentium
895 3605 1036 3673 omuino
1066 3606 1347 3674 conciliarentur.
1371 3610 1443 3685 Qua
1471 3605 1652 3674 mensione
1681 3610 1825 3672 utuntur

500 3710 561 3801 qui
591 3732 729 3778 causam
760 3709 941 3798 gentilium
969 3712 1270 3803 propugnabant:
1300 3727 1333 3781 et
1358 3711 1549 3781 audiebant
1574 3713 1770 3779 Rae-nobam
1791 3724 1825 3778 et

500 3816 667 3902 Paulum,
692 3817 866 3885 Barnabas
887 3819 1010 3886 missus
1032 3820 1076 3886 ab
1103 3818 1246 3887 ccclesia
1273 3819 1580 3908 hierosolymitana
1606 3818 1823 3887 Antiochiam

500 3921 630 4013 (1122)
645 3923 741 4014 plebi
755 3925 866 4011 magis
879 3930 980 3992 notus
999 3931 1088 4006 erat,
1106 3925 1254 4015 ideoque
1269 3926 1385 4016 priore
1406 3947 1544 4016 quoque
1557 3925 1633 3992 loco
1655 3922 1713 3991 hic
1728 3923 1824 4013 poni·

498 4035 566 4109 tur,
582 4029 663 4118 quia
676 4029 792 4119 aptior
810 4030 992 4098 videbatur
1010 4030 1054 4099 ad
1072 4030 1350 4121 persuadendum
1371 4031 1422 4098 vir
1440 4028 1555 4119 magis
1569 4035 1670 4097 notus
1684 4028 1746 4119 qui
1761 4027 1822 4095 diu

498 4136 537 4202 in
560 4135 645 4202 urhe
665 4141 818 4202 versatus
840 4142 914 4202 erat
943 4136 996 4221 (el.
1015 4140 1197 4227 t‚36.3'1),
1219 4151 1400 4206 narrantes
1424 4150 1557 4229 qzcontc
1576 4140 1665 4204 Deris
1684 4134 1823 4225 fecisset

498 4241 600 4331 siqua
614 4240 823 4331 etprorliqio
836 4239 874 4307 in
887 4242 1048 4332 pentibus
1057 4265 1124 4333 per
1143 4264 1219 4328 eos;
1237 4245 1392 4311 consulto
1411 4244 1560 4312 efferunt
1574 4242 1676 4330 signa
1696 4246 1731 4308 ct
1744 4263 1825 4331 pro·

500 4346 613 4434 digiae
631 4348 721 4415 hisce
736 4348 826 4414 enim
843 4369 947 4438 quam
963 4348 1150 4417 clarissime
1165 4354 1308 4417 testatur
1322 4356 1407 4418 Deus
1424 4373 1459 4418 se
1475 4351 1560 4417 velle
1576 4355 1610 4416 et
1628 4346 1823 4438 approbare

501 4452 597 4519 illam
613 4452 837 4543 praedicandi
852 4455 1038 4534 rationem,
1057 4477 1164 4546 quam
1184 4455 1399 4524 observarint
1424 4461 1459 4524 et
1480 4476 1586 4546 quam
1613 4453 1824 4522 iudaizantes

501 4558 751 4648 impugnarint.
769 4560 863 4628 Unde
879 4560 957 4629 talis
972 4583 1086 4629 rerum
1104 4562 1269 4653 expositio
1288 4565 1415 4631 mirum
1433 4563 1470 4632 in
1486 4561 1628 4631 modum
1644 4561 1825 4630 confirma-

411 4734 413 4738 ,
503 4663 562 4731 bat
576 4665 769 4734 doctrinam
788 4689 808 4733 a
829 4671 926 4735 Petro
943 4667 1154 4737 declaratam
1169 4674 1204 4736 et
1217 4689 1427 4760 magnopere
1445 4669 1571 4738 idonea
1589 4673 1663 4737 erat
1685 4665 1730 4734 ad
1753 4664 1826 4734 ani-

505 4792 578 4837 mos
594 4772 756 4859 gentibus
770 4773 1013 4843 conciliandos.
