4054 5442
990 349 1057 393 aur.
1080 332 1242 405 imit.
1720 341 1778 402 387

457 488 491 545 ut
505 500 707 563 quacumque
727 484 860 545 demum
880 482 1003 543 ratione
1021 482 1083 543 sibi
1101 483 1242 560 aliquam
1262 482 1405 560 pandant
1419 483 1504 543 viam
1519 485 1558 546 ad
1574 490 1775 567 propositum

456 582 703 662 assequendum.
724 580 837 651 Proin,
854 579 914 639 etsi
932 579 1106 657 postulatio
1122 597 1235 641 eorum
1250 580 1381 641 tribuno
1398 578 1545 640 iacienda
1563 588 1648 643 esset
1667 586 1774 661 stulta,

454 681 597 741 nondum
617 680 806 754 sequeretur
817 679 989 756 propterea
1002 676 1144 757 priorem
1160 678 1375 740 narrationem
1390 694 1460 739 esse
1476 677 1597 739 salsam.
1615 681 1637 739 E
1655 687 1774 754 contra,

453 794 472 838 a
486 778 590 856 priore
607 775 789 835 narratione
804 774 927 853 optime
948 776 1136 855 explicatur,
1154 776 1318 856 quomodo
1334 777 1398 838 tale
1414 775 1541 856 capiant
1558 777 1773 844 consiliumet

454 873 549 936 talem
561 870 740 951 excogitent
755 873 889 935 modum
906 873 1112 936 interimendi
1129 874 1273 935 Paulum.

497 1107 596 1185 Ecce,
614 1103 703 1172 oculi
725 1102 861 1170 Domini
880 1123 986 1192 super
1000 1107 1191 1170 metuentes
1207 1124 1286 1171 eum
1307 1102 1373 1191 (Ps.
1396 1110 1510 1187 3218.
1530 1104 1633 1172 Ecoli.
1656 1112 1773 1190 15,2o;

454 1209 588 1299 3'o‚19);
614 1232 645 1277 v.
662 1216 703 1281 16
717 1207 813 1299 qnod
830 1229 908 1275 crem
923 1206 1074 1275 credisset
1082 1207 1179 1298 filius
1193 1208 1319 1276 rororis
1340 1208 1448 1276 Pauli
1462 1209 1619 1295 insidias,
1637 1213 1730 1279 venit
1745 1224 1777 1279 et

454 1315 597 1383 introvit
623 1315 661 1381 in
684 1325 796 1381 costra
819 1314 1064 1405 nuntiavitque
1089 1315 1224 1401 Partim·
1247 1316 1419 1405 quomodo
1446 1316 1476 1384 is
1503 1316 1776 1387 coniurationem

454 1421 595 1488 senserit
616 1422 812 1508 ignoratur;
833 1421 892 1489 sed
915 1421 1034 1489 mirari
1060 1421 1156 1489 iuvat
1180 1422 1421 1512 providentiae
1444 1423 1604 1492 ordinem
1625 1446 1714 1515 quae
1735 1447 1776 1491 en

454 1527 643 1594 imminenti
670 1526 870 1595 discrimine
898 1528 1043 1594 Paulum
1066 1527 1205 1616 eripuit.
1229 1532 1313 1595 Cum
1334 1550 1486 1619 eousque
1510 1528 1600 1597 nihil
1623 1529 1777 1597 criminis

452 1639 568 1702 contra
583 1633 727 1702 Paulum
744 1639 833 1702 esset
850 1633 1042 1723 prolatum,
1060 1655 1128 1699 non
1145 1640 1236 1715 erat,
1257 1656 1319 1701 our
1341 1633 1433 1702 liber
1454 1655 1609 1704 accessus
1629 1636 1699 1704 suis
1712 1657 1776 1703 ne-

452 1747 592 1830 garetur
607 1740 665 1832 (cl.
680 1740 815 1830 it,23);
831 1762 865 1806 v.
890 1746 930 1806 17
950 1762 1073 1807 vocans
1087 1753 1203 1808 aretem
1223 1741 1355 1808 Paulus
1368 1739 1417 1808 od
1427 1764 1462 1809 re
1476 1764 1585 1810 annm
1599 1765 1642 1814 es
1659 1754 1779 1811 eentu-

453 1847 606 1915 rionibuo
626 1847 678 1916 oit
702 1869 716 1913 .·
737 1844 989 1914 adolescentem
1009 1846 1100 1914 lrrrnc
1116 1846 1247 1938 perduc
1274 1847 1323 1915 od
1341 1848 1540 1933 tribunam
1563 1849 1665 1918 babet
1685 1850 1777 1918 enim

453 1953 591 2045 aliquid
602 1952 757 2021 indicere
780 1952 838 2019 illi
841 1974 858 2040 ,·
879 1952 989 2043 probe
1010 1953 1105 2020 enim
1127 1954 1225 2021 scivit
1252 1954 1433 2023 tribunum
1458 1955 1657 2024 nullatenus
1679 1978 1777 2046 posse

453 2060 665 2150 permittere,
680 2067 719 2126 ut
732 2059 817 2127 civis
829 2080 990 2126 romanus
1009 2058 1047 2125 in
1062 2060 1217 2127 custodia
1231 2080 1377 2127 romana
1395 2060 1527 2150 positus
1541 2084 1562 2128 a
1577 2061 1711 2129 ludaeis
1725 2063 1779 2129 in·
1849 2106 1856 2119 ι

452 2167 651 2250 terimatur3
672 2188 705 2234 v,
736 2172 775 2234 18
796 2177 828 2232 ct
848 2164 909 2233 ille
933 2164 1072 2256 quidem
1099 2188 1275 2233 ossnrnenr
1296 2188 1375 2233 eum
1400 2164 1503 2233 duait
1525 2165 1574 2234 od
1600 2167 1778 2235 tribunum

454 2284 486 2340 et
503 2273 553 2340 oit
574 2295 588 2339 .·
605 2273 740 2340 cinctas
763 2271 911 2356 Paulas,
939 2280 1057 2356 δέσμιος
1083 2273 1107 2339 i.
1133 2296 1162 2340 e.
1185 2275 1220 2339 in
1240 2273 1395 2340 custodia
1411 2272 1555 2342 militari
1567 2274 1713 2365 positus,
1730 2275 1776 2342 ad

453 2373 595 2448 militem
610 2378 855 2448 custodientem
869 2385 989 2446 catena
1001 2380 1137 2448 vinctus
1152 2379 1226 2466 (Fel
1242 2432 1250 2445 .
1268 2380 1335 2469 nl.)
1357 2380 1492 2471 rogavit
1508 2402 1564 2448 me
1584 2374 1676 2449 tunc
1693 2379 1776 2448 odo-

453 2486 630 2555 lescentern
643 2485 829 2577 pndncere
846 2484 896 2553 od
909 2497 952 2571 te,
970 2484 1149 2551 debentem
1163 2483 1303 2576 clr‘qnid
1319 2485 1418 2574 loqui
1430 2483 1515 2571 titt·
1529 2490 1625 2554 notat
1639 2486 1748 2555 Culm.
1762 2508 1776 2552 .·

452 2592 604 2661 bumana
620 2592 748 2660 auxilia
761 2613 851 2683 quac
867 2590 925 2658 Dei
940 2590 1078 2657 bonitas
1093 2592 1157 2658 sibi
1174 2594 1210 2658 in
1225 2613 1350 2658 manus
1362 2590 1553 2681 praebebat
1568 2592 1691 2660 Paulus
1706 2614 1776 2660 non

452 2698 614 2788 negligit;
631 2699 706 2767 eius
718 2699 755 2766 in
776 2704 881 2768 Deum
901 2695 1029 2764 fiducia
1045 2719 1165 2787 expers
1182 2702 1258 2765 crat
1271 2698 1511 2784 arrogantiae,
1530 2720 1570 2766 ac
1587 2699 1776 2789 sapientiae

452 2811 487 2872 et
512 2805 713 2897 prudentiae
740 2804 893 2872 babebat
913 2802 1120 2893 plurimum3
1151 2804 1327 2891 negligere
1346 2805 1440 2872 enim
1461 2805 1637 2874 naturales
1658 2809 1693 2873 et
1711 2805 1775 2872 bu-

453 2932 570 2979 nranas
589 2935 688 3003 opes,
710 2934 789 2979 cum
811 2916 947 3002 praesto
962 2917 1159 2991 occurrunt,
1177 2909 1321 3000 perinde
1336 2916 1387 2978 est
1401 2931 1442 2978 ac
1456 2915 1563 2979 lloum
1578 2915 1723 2979 tentare.

495 3017 665 3086 Tribunus
680 3017 903 3085 familiariter·
918 3016 1078 3083 invenem
1092 3016 1251 3106 suscipit;
1270 3016 1341 3084 iam
1357 3016 1388 3084 ei
1403 3016 1633 3085 reverentiam
1649 3017 1774 3085 Paulus

452 3123 692 3213 inspiraverat,
709 3123 802 3192 undo
818 3122 978 3191 nuntium
1002 3144 1021 3188 a
1040 3122 1145 3190 Paulo
1168 3123 1308 3190 missum
1330 3123 1441 3190 amice
1460 3127 1582 3192 tractat
1600 3146 1631 3191 ν.
1651 3129 1692 3190 19
1711 3146 1773 3215 op·

446 3229 660 3320 prehendens
677 3244 794 3297 ortem
817 3229 975 3297 tribunae
997 3251 1138 3296 raronmn
1160 3228 1256 3295 illins
1270 3229 1306 3296 in
1321 3229 1494 3297 amicitiae
1518 3236 1552 3297 et
1573 3230 1772 3298 clementiae

451 3336 754 3424 significationem,
776 3342 814 3404 ut
825 3336 936 3405 libere
952 3345 985 3407 et
999 3336 1163 3404 audacter
1178 3335 1351 3425 loquutur,
1368 3335 1502 3403 secessit
1527 3358 1606 3405 cum
1626 3358 1666 3403 eo
1680 3359 1771 3404 seor·

451 3464 545 3529 rena,
561 3449 599 3510 ut
621 3464 675 3510 res
698 3449 853 3511 maneret
875 3449 1021 3515 secreta,
1042 3455 1075 3509 et
1100 3440 1328 3531 interrogarit
1352 3440 1451 3508 illum
1471 3463 1484 3508 .·
1503 3440 1591 3532 qaid
1607 3454 1657 3510 est
1677 3441 1774 3533 qrrod

452 3549 553 3617 hobas
569 3546 724 3617 iudicare
739 3548 825 3616 milri
834 3553 852 3616 :²
864 3572 897 3618 r.
912 3556 954 3618 20
970 3549 1027 3616 illc
1045 3563 1158 3615 nartem
1174 3547 1263 3614 ‹lirit
1278 3572 1291 3614 .·
1307 3545 1445 3615 ludaeis
1472 3548 1631 3616 convenit
1648 3571 1772 3640 rogare

452 3669 484 3723 te
495 3669 532 3722 ret
546 3656 697 3724 crastino
710 3655 765 3724 die
773 3655 948 3747 producas
960 3657 1109 3724 Paulam
1127 3656 1163 3721 in
1180 3653 1364 3723 correilirnn
1378 3654 1480 3746 qrrosi
1494 3654 1635 3746 aliquid
1645 3657 1730 3724 certi
1734 3680 1772 3723 na·

454 3761 731 3854 irrqaisitnrirint
745 3761 788 3830 de
803 3762 876 3848 illo,
894 3772 935 3844 ὡς
957 3772 1092 3847 μέλλων,
1110 3762 1230 3828 uolunt
1245 3760 1317 3829 seil.
1335 3767 1373 3828 ut
1392 3766 1430 3827 tn
1442 3761 1575 3852 aliquid
1590 3763 1715 3831 certius
1729 3762 1771 3829 de

451 3892 492 3938 eo
508 3891 693 3958 cognoscas
712 3892 772 3938 seu
794 3869 987 3938 sciscitcris.
1014 3874 1081 3936 lloc
1107 3875 1269 3959 poterant
1297 3866 1520 3957 protendere,
1540 3867 1648 3936 immo
1666 3867 1772 3937 dobe-

452 3976 550 4058 bunt,
570 3974 653 4067 quia
671 3974 708 4044 in
733 3975 849 4066 priore
878 3975 940 4043 illo
963 3983 1134 4043 conventu
1163 3974 1249 4041 nihil
1272 3972 1395 4041 didicit
1423 3972 1582 4043 tribunus
1605 3973 1650 4041 de
1673 3974 1771 4044 Pauli
1866 4030 1872 4042 .

451 4083 609 4166 crimine3
626 4087 662 4149 at
680 4081 902 4170 magistratus
917 4104 1077 4149 romanus
1090 4091 1204 4148 tauron
1224 4100 1303 4147 cum
1321 4101 1391 4147 non
1405 4080 1440 4146 in
1454 4080 1609 4148 custodia
1623 4082 1771 4149 retinere

451 4195 584 4281 poterat
598 4211 699 4257 causa
718 4188 822 4279 plane
845 4188 1035 4276 incognita.
1052 4192 1160 4266 Quare
1177 4187 1262 4253 liaeo
1286 4185 1388 4254 lectio
1406 4186 1489 4254 satis
1506 4187 1771 4256 commendatur

450 4302 485 4366 et
501 4296 662 4385 congruit
676 4317 756 4364 cum
771 4301 887 4377 2230.
905 4294 1011 4362 llinus
1025 4294 1137 4386 placet
1154 4295 1262 4361 altera
1283 4302 1461 4378 μέλλοντες,
1480 4294 1536 4361 vel
1556 4301 1669 4377 μέλλον
1691 4295 1769 4380 (συν·

452 4412 545 4493 tepea
566 4404 672 4494 scil.);
697 4424 779 4471 nam
802 4424 882 4471 oum
903 4402 1020 4470 ludaei
1045 4400 1149 4468 l’aulo
1172 4400 1261 4469 adeo
1283 4402 1353 4468 sint
1376 4398 1529 4498 intensi,=
1544 4405 1637 4468 certe
1657 4400 1771 4468 sciunt

453 4531 514 4579 cur
537 4510 603 4578 sint
628 4509 772 4595 intensi,
793 4531 908 4600 neque
938 4530 1025 4599 opus
1052 4508 1197 4590 habent,
1226 4512 1262 4574 ut
1286 4528 1404 4574 coram
1430 4505 1571 4575 tribuno
1599 4506 1773 4575 fateamur

452 4639 488 4685 se
508 4638 577 4685 non
601 4615 682 4685 satis
706 4623 866 4686 accurate
890 4637 989 4684 nosse
1013 4614 1097 4705 quid
1122 4613 1262 4682 tandem
1281 4614 1325 4682 de
1344 4613 1450 4682 Paulo
1468 4614 1684 4682 sentiendum
1709 4612 1770 4695 sit3

452 4746 486 4793 r.
507 4730 548 4794 21
573 4736 702 4840 trevere
716 4746 761 4792 ne
773 4722 962 4793 credideris
981 4721 1073 4807 illis,·
1092 4720 1304 4790 insidiantur
1321 4720 1415 4789 enim
1429 4742 1473 4789 ea
1486 4722 1535 4790 eis
1549 4721 1616 4791 vrri
1624 4719 1776 4813 urnplirrs
