4092 5490
49 302 59 321 ‘
134 382 135 385 .
264 317 325 375 22⁴
816 316 882 381 aar.
907 320 1026 393 aaa-s.
1081 351 1087 358 ·

271 471 284 533 1
300 487 408 534 carm.
427 461 518 552 11',2.
534 467 701 536 luvenalis
714 474 810 552 3,13;
826 474 927 549 saca
940 464 1013 556 seq.
1029 472 1111 545 5623
1131 470 1231 544 10,90
1247 464 1342 532 visne
1355 470 1449 533 tutor
1461 468 1583 538 haberi

164 616 168 635 .
265 571 437 666 Principis
461 570 606 663 angusta
621 578 824 665 Caprearum
848 571 884 637 in
901 591 988 660 rupe
1006 569 1155 638 sedentis
1173 591 1253 637 oum
1266 591 1375 657 grege
1390 571 1580 657 Chaldaeo;

269 681 421 771 mats).
438 686 568 749 Nomen
585 678 679 765 magi
697 677 791 744 varie
812 675 952 742 effertur
966 678 1154 744 mutatione
1172 677 1264 744 facta
1276 676 1322 743 ob
1337 682 1412 745 lesu
1432 679 1583 745 nominis

266 789 513 867 reverentiam
536 787 585 852 ita
603 782 697 851 Beda
715 785 807 848 notat
832 801 839 849 :
862 781 983 849 Barieu
1003 781 1075 872 legi
1093 783 1219 867 debet,
1232 806 1302 852 non
1316 785 1408 853 enim
1424 785 1583 852 convenit

264 892 443 961 bominem
462 888 670 976 flagitiosum
686 893 720 955 et
733 907 873 973 magum
887 888 998 957 tilium
1018 895 1097 958 lesu·
1111 891 1136 960 i.
1158 913 1188 958 e.
1204 891 1386 965 Salvatoris
1400 891 1580 983 appellari,

265 1000 372 1089 'quem
386 1020 405 1065 e
418 993 590 1064 contrario
601 990 725 1061 Paulus
737 993 847 1062 filium
862 995 995 1063 diaboli
1008 1002 1196 1085 nuncupat.
1322 1072 1323 1075 Ἴ

309 1105 423 1172 Primo
443 1099 596 1191 quidem,
615 1122 693 1168 cum
712 1105 885 1190 Augustus
905 1101 1111 1192 provincias
1124 1102 1341 1184 attribueret,
1359 1104 1491 1191 Cyprus
1503 1125 1583 1191 pro-

266 1207 383 1275 vincia
401 1212 476 1276 erat
491 1206 729 1299 imperatoria
752 1215 788 1276 at
802 1229 880 1276 mox
903 1228 980 1275 eam
999 1205 1211 1297 provinciam
1230 1202 1364 1275 senatui
1382 1207 1582 1297 populoque

263 1312 436 1398 reddidit;
458 1342 476 1376 «
503 1337 543 1382 eo
570 1323 724 1405 tempore
746 1314 783 1402 (i.
808 1335 838 1380 e.
867 1318 1049 1405 anno'132
1074 1334 1109 1381 u.
1133 1312 1179 1403 c.)
1207 1318 1356 1404 Cyprum
1378 1335 1419 1382 ac
1438 1312 1583 1383 Galliam

269 1413 540 1504 narbonensem,
566 1421 649 1510 quia
678 1418 767 1487 nihil
792 1418 896 1486 armis
924 1420 992 1486 suis
1024 1419 1225 1508 indigerent
1254 1420 1389 1511 populo
1409 1420 1580 1502 reddidit3

220 1582 223 1589 ,
266 1535 369 1618 atque
390 1527 441 1595 ita
456 1525 676 1616 proconsules
691 1525 876 1614 (istim-,l
892 1526 995 1592 etiarn
1015 1526 1054 1592 in
1077 1525 1158 1593 istas
1171 1527 1369 1614 provincias
1391 1526 1483 1594 mitti
1506 1549 1582 1594 coe·

264 1637 394 1724 parunt
418 1659 435 1692 a
466 1631 540 1721 (bio
563 1635 651 1699 Cass.
678 1636 773 1714 aaa
801 1631 845 1698 cf.
867 1636 984 1713 53,12;
1006 1632 1111 1698 Sturz
1125 1635 1168 1698 lll
1182 1654 1216 1721 p.
1234 1631 1327 1720 253).
1349 1638 1528 1700 Praeterea
1544 1655 1584 1699 ex

260 1744 418 1828 tempore
439 1736 570 1805 Claudii
597 1736 876 1827 inscriptionibus
893 1736 1039 1827 repertis
1061 1738 1136 1804 noti
1160 1745 1243 1805 sunt
1263 1742 1298 1816 Q.
1325 1737 1430 1804 lulius
1456 1737 1585 1805 Cordus

255 1848 299 1910 ‘et
317 1847 351 1910 L.
375 1843 505 1911 Annius
526 1847 663 1925 Bassus,
686 1841 747 1933 qui
763 1842 983 1933 proconsules
1002 1843 1106 1934 Cypri
1128 1841 1340 1927 nominatur,
1359 1843 1450 1920 ,item
1473 1844 1583 1911 Comi-

262 1949 341 2017 nius
364 1948 528 2032 'Proclus3
556 1941 686 2039 pariter
704 1949 843 2016 inventa
866 1956 917 2018 est
940 1949 1118 2039 inscriptio
1142 1949 1178 2016 in
1203 1948 1316 2016 insula
1342 1953 1469 2039 Cypro,
1495 1971 1582 2039 quaa

188 2058 192 2065 ’
259 2056 373 2124 habel
395 2086 445 2126 επι
470 2058 597 2124 Hrcules
626 2053 707 2145 (ανθ)
732 2080 860 2139 uetares,
886 2076 990 2144 quam
1012 2055 1274 2145 inscriptionem
1300 2054 1344 2123 de
1366 2055 1441 2146 ipso
1465 2062 1581 2122 nostro

258 2163 382 2249 Sergio
402 2160 507 2229 Paulo
521 2181 624 2248 agere
640 2160 795 2246 Cesnola,
814 2160 991 2247 bighfoot,
1012 2160 1137 2230 Wendt
1150 2160 1290 2230 omnino
1306 2160 1487 2251 probabile
1506 2183 1594 2229 cen-.

260 2275 336 2335 sent
363 2262 418 2353 (cf.
451 2265 666 2356 Viqourouc,
680 2270 723 2333 Le
746 2269 907 2334 Nouveau
930 2271 1015 2336 Test.
1039 2274 1073 2335 et
1089 2268 1140 2336 les
1162 2268 1382 2336 decouvertes
1407 2267 1582 2335 archeolo-

263 2372 386 2463 giques
411 2371 608 2457 modernes,
627 2378 724 2455 1890,
742 2395 778 2462 p.
807 2379 867 2440 191
890 2374 992 2464 serp).
1018 2375 1117 2441 Proin
1139 2396 1221 2442 vero
1240 2397 1302 2442 suo
1323 2372 1422 2440 titulo
1442 2374 1583 2460 Sergius

259 2478 386 2547 Paulus
412 2477 613 2547 nominatur
640 2500 649 2547 ε
678 2501 709 2550 v.
740 2487 761 2546 7
789 2478 852 2570 qui
875 2491 955 2550 ,erat
977 2501 1056 2547 cum
1075 2478 1281 2570 proconsule
1304 2479 1427 2568 Sergio
1457 2479 1579 2565 Paulo,

259 2586 332 2653 ciro
351 2584 544 2675 prudente,
566 2585 626 2676 qui
652 2584 727 2653 scil.
750 2584 925 2653 doctrinae
948 2590 981 2653 et
1003 2584 1202 2675 praestigiis
1222 2583 1314 2651 itlius
1333 2586 1429 2672 magi
1444 2607 1511 2652 non
1525 2608 1580 2653 ac·

258 2691 410 2782 quierit,
431 2712 552 2759 eorum
575 2691 758 2760 vanitatem
785 2713 825 2760 ac
844 2690 1014 2759 fallaciam
1033 2690 1243 2782 perspiciens
1264 2690 1320 2758 vet
1335 2691 1454 2758 saltem
1471 2692 1580 2780 suspi-

258 2803 366 2865 catus.
394 2800 503 2874 Quare
531 2819 610 2865 cum
636 2797 786 2865 audisset
803 2796 847 2865 de
867 2797 966 2866 novis
988 2797 1063 2865 aliis
1083 2796 1282 2864 doctoribus
1297 2819 1355 2865 eos
1375 2795 1421 2864 ad
1440 2819 1476 2864 se
1494 2799 1580 2863 invi·

258 2904 346 2971 tavit
368 2923 376 2971 :
396 2901 452 2970 bic
472 2903 645 2971 accersitis
659 2906 817 2972 Bamaba
832 2915 864 2971 et
876 2903 984 2972 Saule
998 2903 1214 2972 desiderabat
1227 2902 1350 2971 audire
1365 2905 1503 2971 verbum
1517 2903 1581 2971 Dei

256 3008 280 3075 i.
302 3030 335 3077 e.
363 3011 506 3100 qualem
527 3009 593 3100 ipsi
616 3009 805 3078 doctrinam
830 3009 996 3078 afferrent
1017 3008 1183 3078 derebus
1203 3008 1344 3078 divinis.
1366 3015 1502 3077 Poterat
1520 3032 1579 3077 au·

255 3114 385 3183 divisse
408 3115 487 3183 illos
509 3117 715 3183 annuntiare
737 3142 755 3177 «
783 3115 927 3183 verbum
949 3115 1011 3184 Dei
1039 3136 1075 3194 »ς
1099 3115 1151 3183 vel
1172 3115 1201 3183 si
1220 3116 1399 3197 malueris,
1419 3138 1496 3183 eam
1511 3116 1579 3184 dic-

259 3220 392 3290 tionem
410 3227 520 3290 Lucae
534 3221 587 3289 fer
600 3227 793 3310 acceptam3
809 3221 853 3289 ct.
870 3225 964 3304 835.

302 3329 428 3396 Statim
452 3328 558 3397 sensit
580 3326 819 3417 praestigiator
840 3348 932 3395 nova
951 3327 1012 3396 illa
1031 3327 1244 3395 institutione
1268 3334 1302 3396 et
1327 3327 1483 3396 doctrina
1502 3352 1579 3397 suas

259 3455 418 3501 eversum
438 3434 482 3500 iri
505 3433 644 3502 fraudes
669 3455 702 3501 v.
728 3437 749 3501 8
776 3430 950 3501 resistebat
974 3446 1089 3502 aretem
1115 3433 1185 3501 illis
1203 3434 1347 3523 Elymas
1367 3458 1492 3525 irrogas
1515 3437 1578 3524 (sie

256 3541 350 3608 mrim
372 3539 617 3631 intepretatur
639 3562 763 3609 buaren
785 3539 890 3630 eius);
915 3562 1042 3608 nomen
1062 3541 1180 3630 itaque
1196 3540 1439 3631 peregrinum,
1462 3542 1577 3610 arabi-

258 3670 354 3730 cum,
378 3646 443 3713 sibi
470 3646 611 3716 maioris
634 3647 845 3715 auctoritatis
865 3644 1102 3715 conciliandae
1121 3668 1224 3714 causa
1250 3648 1429 3738 imposuit,
1450 3670 1577 3715 nomen

256 3776 326 3844 quo
350 3776 386 3822 se
412 3752 602 3845 sapientem
627 3774 770 3842 magum
796 3751 1035 3843 profitebatur,
1064 3774 1232 3843 quaerens
1254 3767 1404 3821 avertere
1424 3776 1575 3844 procon-

256 3860 400 3928 sulema
418 3859 490 3950 fide
514 3868 683 3950 διαπρέψαι
703 3881 781 3928 eum
802 3857 1031 3950 pervertendo
1055 3857 1226 3927 abducere
1250 3882 1270 3928 a
1292 3860 1373 3928 tide.
1394 3861 1523 3938 Quibus
1540 3860 1576 3927 id

255 3965 367 4035 modis
391 3968 547 4048 tentarit,
573 3988 641 4033 non
665 3964 806 4046 dicitur;
832 3987 950 4034 verum
978 3965 1143 4056 pessimos
1173 3988 1327 4057 quosque
1353 3967 1474 4036 modos
1497 3989 1575 4035 cum

259 4077 427 4155 tentasse,
453 4071 553 4139 facile
574 4094 615 4139 ex
635 4075 704 4140 acri
729 4071 824 4140 Pauli
846 4073 1113 4163 reprehensione
1133 4094 1315 4164 poenaque
1340 4073 1505 4141 divinitus
1524 4074 1575 4140 iu-

256 4178 352 4246 ssicta
369 4176 592 4260 concluseris;
616 4200 649 4245 v.
673 4184 693 4244 9
718 4177 845 4246 Saulus
864 4191 979 4245 autem
1005 4178 1122 4270 quiet
1147 4180 1293 4266 Parcius,
1318 4180 1439 4247 exindo
1459 4181 1575 4269 priore

258 4283 400 4354 nominc
419 4284 539 4352 relicto
561 4281 675 4351 solum
695 4284 819 4351 Paulus
841 4306 863 4353 a
885 4288 975 4352 Luca
1001 4287 1213 4367 nominatur;
1241 4309 1303 4355 cur
1324 4286 1390 4354 hoc
1415 4285 1492 4354 loco
1514 4287 1573 4353 du·

256 4392 357 4482 plicis
370 4390 521 4459 nominis
537 4391 666 4458 mentio
680 4390 739 4458 tit?
752 4411 830 4458 cum
844 4390 967 4459 Paulus
977 4400 1078 4460 natus
1091 4394 1136 4460 sit
1148 4392 1232 4459 civis
1249 4415 1411 4461 romanus
1427 4394 1557 4484 (2228)

255 4497 377 4587 utique
398 4519 468 4565 non
489 4502 539 4566 est
558 4494 788 4587 improbabile
809 4502 890 4564 ‘eum
909 4496 1127 4566 iamdudum
1146 4520 1272 4567 nomen
1284 4502 1442 4588 gessisse,
1460 4511 1499 4570 ut
1513 4502 1574 4570 alii

227 4646 229 4651 ,
256 4604 357 4673 multi
377 4605 563 4693 gerebant,
585 4609 618 4673 et
638 4602 825 4672 hebraeum
849 4608 883 4671 et
902 4626 1095 4673 romanum.
1119 4608 1162 4672 At
1184 4605 1249 4674 hac
1272 4608 1435 4698 opinione
1455 4616 1573 4678 tamem

254 4714 326 4779 non
347 4711 550 4803 explicatur,
577 4733 640 4782 cur
657 4711 796 4779 tandem
818 4710 882 4779 boc
899 4711 974 4780 loco
987 4710 1135 4802 duplicis
1151 4713 1301 4782 nominis
1320 4717 1450 4785 mantio
1464 4716 1524 4785 tiat
1539 4722 1573 4784 et
