4054 5442
26 310 28 361 j
98 286 102 290 ’
148 386 150 389 v
269 320 331 380 394
833 339 903 383 scr,
926 322 1046 391 24,6=9.

270 466 460 558 unicuique
473 465 589 558 infligi
602 469 716 560 potuit
728 470 1012 559 alienigenac'(cl.
1028 470 1145 558 8138)
1160 491 1192 536 v.
1208 476 1227 535 6
1241 466 1304 558 qui
1315 468 1421 534 etiam
1432 469 1598 557 templum

268 572 400 642 violare
422 588 568 663 conotus
592 588 641 644 est
661 597 763 667 quem
781 589 814 642 et
826 578 1075 667 apprehensum
1095 575 1266 644 voluimus
1280 571 1468 643 secundum
1486 573 1597 662 ieqem

268 695 423 750 nostram
438 682 616 769 iudicore;
630 680 721 749 belle
739 683 903 748 mentitur
916 682 1125 764 causidicus3
1142 680 1229 748 illud
1243 681 1339 771 prius
1350 680 1393 749 de
1409 678 1594 747 violatione

268 789 391 880 templi
421 788 540 856 ludaei
566 786 675 854 asiani
700 785 925 876 spargebaut3
957 785 1049 853 unde
1073 809 1114 852 ex
1138 807 1259 852 eorum
1281 794 1398 855 mente
1424 786 1592 878 loquitur;

268 894 420 963 alterum
446 897 564 961 autem
593 910 719 980 purum
744 895 866 980 putum
889 889 1107 958 mendacium
1128 889 1292 958 causidici
1316 896 1420 959 estet
1445 892 1594 961 aliorum

269 999 481 1068 ludaeorum
506 995 567 1085 qui
588 1016 705 1063 coram
733 995 888 1086 praeside
906 1002 1074 1065 testantur
1092 1019 1125 1063 v.
1151 1004 1171 1065 9
1191 997 1239 1062 ita
1256 1018 1292 1063 sc
1307 1018 1362 1064 res
1375 996 1516 1066 habere.
1534 1003 1596 1065 lo·

268 1104 389 1196 quitur
402 1123 444 1169 ac
457 1101 486 1169 si
500 1099 575 1192 ipse
592 1101 734 1169 ludaeus
747 1108 833 1170 esset
847 1124 887 1170 co
900 1103 994 1193 quod
1007 1103 1147 1171 nomine
1160 1100 1364 1169 ludaeorum
1380 1102 1489 1169 rerba
1501 1102 1593 1169 lacit.

269 1211 307 1276 lli
325 1228 410 1276 vcro
429 1207 576 1276 Paulum
599 1209 755 1277 occidere
773 1209 952 1278 tentabant
973 1210 1026 1277 bis
1042 1209 1176 1298 (21,31·;
1203 1214 1317 1291 23,10.
1346 1207 1420 1298 lt);
1442 1230 1476 1274 v.
1499 1215 1594 1275 'leu-

194 1352 196 1356 v
266 1314 473 1406 perveniens
488 1328 607 1383 cutem
627 1315 784 1383 sueonos
798 1315 917 1403 Lysias
931 1336 1008 1382 com
1025 1314 1060 1380 ci
1077 1337 1209 1404 moprco
1225 1314 1355 1405 eripuit
1369 1335 1448 1382 eum
1462 1311 1505 1380 de
1519 1335 1595 1382 mo·

267 1418 372 1489 nibus
391 1422 533 1509 nostris,
557 1443 590 1489 v.
617 1427 638 1489 8
661 1421 778 1489 intem
794 1433 1006 1488 accusatores
1020 1420 1095 1486 eius
1109 1419 1157 1486 od
1172 1431 1204 1487 te
1219 1420 1356 1506 venire,·
1372 1419 1506 1488 ludaeis
1521 1440 1594 1488 ma·

267 1527 377 1596 nebat
391 1527 445 1594 ius
456 1526 501 1594 de
515 1527 631 1594 causis
643 1526 788 1594 violatae
803 1526 889 1614 legis
904 1549 943 1594 er
958 1527 1034 1614 lege
1050 1525 1202 1593 iudicare
1215 1530 1250 1591 et
1268 1546 1395 1615 poenas
1409 1525 1594 1594 decernere

268 1640 410 1723 excepta
430 1630 600 1698 sententia
622 1630 763 1721 capitis;
794 1654 901 1722 quare
925 1632 1115 1701 causidicus
1142 1631 1284 1698 remita
1306 1631 1481 1721 proponit,
1506 1632 1594 1697 acsi

267 1738 384 1825 Lysias
403 1736 547 1804 ludaeos
565 1736 798 1826 prohibuisset
810 1737 880 1804 suis
894 1738 944 1805 uti
957 1737 1094 1805 iuribus
1114 1743 1148 1806 et
1166 1742 1285 1805 contra
1298 1736 1350 1804 ias
1363 1736 1593 1828 impedivisset

268 1841 456 1933 quominus
479 1840 626 1910 Paulum
644 1842 831 1911 secundum
847 1843 960 1930 legem
977 1843 1180 1911 indicarent.
1199 1847 1238 1909 Et
1255 1844 1391 1911 iterem
1407 1865 1444 1910 se
1460 1842 1593 1910 habere

268 1946 435 2016 audacter
466 1946 648 2016 confirmat
676 1969 818 2016 monens
841 1947 1051 2039 praesidem,
1079 1954 1117 2014 ut
1144 1948 1189 2016 ab
1217 1949 1291 2038 ipso
1317 1950 1412 2035 Lysia
1436 1948 1593 2038 exquirat

268 2058 393 2123 cuncta
414 2074 423 2123 t
441 2076 464 2122 o
481 2076 550 2145 quo
569 2054 698 2145 poteris
716 2053 787 2145 ipse
811 2052 970 2121 iudicans
986 2053 1028 2121 de
1047 2053 1206 2122 cornibus
1222 2054 1296 2120 iscis
1315 2075 1533 2143 coquosccre,
1550 2052 1593 2120 de

268 2158 395 2251 quitus
416 2182 481 2228 nos
499 2182 703 2228 accusemus
727 2180 824 2239 eom,·
846 2161 930 2227 haec
953 2183 1041 2250 quae
1064 2182 1134 2228 av.
1160 2167 1179 2227 6
1200 2161 1364 2247 leguntur
1381 2161 1417 2226 in
1439 2160 1535 2248 vulg.
1558 2165 1593 2226 et

267 2264 363 2356 apud
377 2264 465 2333 alios
477 2270 581 2334 testes
600 2265 689 2351 (vide
706 2265 784 2333 lect.
805 2266 892 2354 var.)
907 2268 1007 2357 plane
1020 2265 1210 2333 necessaria
1224 2271 1320 2345 sunt,
1337 2286 1435 2347 nam,
1453 2272 1491 2332 ut
1505 2265 1591 2333 bene
1697 2256 1702 2263 ’

267 2369 418 2439 advertit
436 2372 491 2440 m.
515 2391 529 2438 .·
553 2393 674 2440 verum
697 2393 765 2439 non
786 2371 869 2438 ferri
884 2378 992 2462 potest
1006 2371 1099 2462 quod
1112 2394 1178 2440 sec.
1197 2399 1217 2445 n
1235 2377 1298 2440 etc.
1317 2372 1385 2439 hoc
1398 2377 1591 2438 monstrum

267 2475 435 2544 orationis
454 2483 661 2569 postpauca
679 2478 785 2545 verba
802 2476 950 2544 iudicem
969 2501 1009 2544 ex
1029 2501 1085 2543 reo
1103 2478 1225 2566 (παρέῧ
1240 2500 1271 2544 v.
1289 2482 1309 2546 8
1325 2482 1401 2567 post
1415 2481 1447 2545 ὃν
1463 2484 1592 2566 ἐκρατή-

267 2611 361 2666 σαμεν
378 2585 409 2668 u)
427 2588 543 2652 cetera
560 2605 727 2675 quaerere
741 2584 837 2652 iubet
852 2583 940 2672 (sim.
960 2582 1050 2651 llcol.
1070 2583 1156 2649 Felt.
1183 2582 1298 2671 liele).
1316 2587 1354 2650 Et
1368 2581 1450 2651 satis
1463 2583 1589 2650 mirum

267 2693 375 2771 esset,
400 2689 429 2755 si
453 2687 646 2758 causidicus
669 2689 714 2757 ud
735 2689 949 2780 probandam
974 2688 1224 2756 accusationem
1243 2697 1364 2757 contra
1382 2690 1526 2756 Paulum
1544 2688 1589 2756 ad

265 2792 380 2884 ipsum
405 2794 550 2861 Paulum
574 2800 749 2885 tamquam
774 2801 892 2863 testem
916 2802 1126 2885 provocaret.
1150 2802 1366 2862 Accusatores
1387 2799 1504 2862 autem
1528 2816 1588 2885 po·

266 2897 430 2983 stulasse,
452 2905 491 2967 ut
511 2901 627 2989 Lysias
645 2902 736 2969 testis
761 2908 941 2970 vocaretur
961 2908 994 2968 et
1012 2901 1128 2989 Lysiae
1153 2922 1291 2991 quoque
1315 2899 1447 2991 aliquid
1468 2899 1588 2991 culpae

265 3003 468 3097 imputasse,
485 3006 568 3073 salis
580 3007 826 3096 comprobatur
839 3012 940 3091 88,ἓὲ
956 3029 964 3077 :
983 3029 1061 3074 cum
1076 3006 1233 3074 tribunus
1248 3006 1361 3094 Lysias
1375 3003 1588 3074 descenderit

265 3108 410 3179 audiam
425 3132 501 3194 vos;
517 3132 603 3200 ergo
615 3111 659 3179 ad
672 3134 752 3180 eum
765 3112 802 3179 in
821 3113 1032 3179 occursatione
1049 3118 1274 3202 provocatum
1292 3117 1359 3193 est3
1383 3111 1530 3201 proinde
1548 3133 1588 3180 ex

265 3216 343 3307 ipsa
364 3215 596 3308 subsequente
616 3217 812 3285 narratione
833 3223 939 3285 textus
962 3218 1057 3305 vulg.
1077 3218 1291 3308 aliorumque
1309 3216 1445 3285 testium
1467 3217 1588 3286 confir-

267 3325 397 3390 matur.

311 3426 466 3496 Orationi
485 3425 648 3496 causidici
674 3427 797 3518 reliqui
819 3428 1070 3518 adstipulantur
1093 3452 1125 3495 v.
1150 3438 1170 3495 s
1196 3428 1398 3497 certioratum!
1417 3440 1533 3497 aretem
1555 3441 1588 3497 et

265 3531 392 3601 ludaei
414 3543 607 3603 συνεπέθεντε
625 3534 726 3601 simul
743 3535 895 3621 aggressi
914 3542 1009 3616 sunt,
1030 3557 1097 3602 una
1114 3535 1187 3602 scil.
1204 3557 1285 3602 cum
1300 3535 1474 3603 causidico
1490 3534 1587 3604 inva-

265 3645 386 3707 serunt
404 3640 443 3707 in
463 3639 607 3708 Paulum
626 3639 817 3707 accusando
832 3638 979 3707 dicentes
993 3639 1076 3707 leoco
1092 3640 1142 3707 ito
1154 3664 1189 3707 so
1203 3641 1326 3708 tatere
1342 3648 1501 3728 ςὰσκεντες
1513 3641 1586 3710 dic-

265 3748 416 3829 titantes,
434 3745 582 3814 firmiter
599 3747 800 3836 saepiusque
813 3746 1020 3813 affirmantes
1036 3747 1092 3835 (ci.
1112 3751 1208 3813 Rom.
1228 3750 1332 3836 122).
1350 3751 1473 3815 Verum
1490 3768 1584 3816 mcu-
1603 3808 1609 3814 .

265 3850 365 3920 dacia
378 3852 528 3942 proferri
548 3874 686 3943 praeses
697 3875 736 3920 ex
750 3852 889 3943 epistola
905 3852 1020 3940 Lysiae
1034 3852 1205 3939 coguovit.

305 4028 366 4101 Qui
386 4029 485 4092 rerba
503 4030 558 4091 illa
576 4048 596 4092 a
616 4049 647 4092 s.
669 4034 726 4090 8-8
750 4032 918 4101 omittunt,
939 4031 1078 4093 referunt
1101 4031 1145 4110 (et
1169 4030 1287 4092 reterre
1309 4030 1441 4112 debent)
1465 4028 1531 4112 παρ’
1555 4021 1586 4090 ci

263 4124 482 4203 complanata.
497 4125 538 4187 ad
554 4128 699 4201 Paulum,
713 4146 731 4189 a
748 4146 809 4207 quo
826 4146 950 4207 praeses
964 4146 1033 4190 rem
1050 4128 1210 4207 inquirere
1225 4128 1342 4208 possit3
1360 4146 1456 4208 quam
1475 4129 1585 4208 inqui·

264 4224 420 4286 cilionem
445 4222 501 4284 alii
528 4240 615 4286 mere
639 4225 837 4294 iudicialem,
863 4226 917 4287 atii
945 4243 1002 4303 per
1032 4232 1190 4287 tormenta
1211 4225 1390 4287 taciendam
1412 4224 1582 4305 explicant.

264 4322 399 4385 llimtur
413 4318 527 4382 Beelen
542 4339 669 4401 quoque
684 4321 767 4401 quod
783 4321 822 4382 ad
838 4323 962 4401 Lysiam
978 4324 1083 4402 ipsum
1100 4329 1263 4401 tamquam
1280 4328 1396 4383 testem
1411 4339 1584 4401 provocare

263 4419 335 4481 ausi
356 4417 490 4492 luerint3
510 4419 757 4499 «speraverint,
778 4420 902 4499 opinor,
919 4419 984 4481 lore
1002 4425 1039 4482 ut
1057 4439 1115 4500 per
1132 4419 1298 4482 audaciam
1318 4418 1397 4481 hanc
1417 4420 1584 4482 convictus

229 4513 233 4523 “
264 4532 394 4597 praeses
406 4515 447 4578 de
460 4517 594 4579 veritate
610 4518 782 4579 intentatae
797 4518 1006 4579 accusationis
1022 4519 1156 4580 Paulum
1172 4515 1329 4579 vindictae
1345 4517 1489 4595 ipsorum
1509 4533 1583 4596 per·

264 4613 422 4676 mitteret.
438 4612 500 4675 Sed
519 4631 571 4676 res
588 4610 684 4676 aliter
693 4614 799 4676 cessit.
816 4616 934 4693 Nempe
954 4616 1084 4676 mentiri
1104 4632 1157 4677 eos
1177 4630 1305 4693 praeses
1326 4630 1363 4674 cx
1383 4613 1494 4693 Lysiae
1513 4614 1583 4693 epi·

264 4710 740 4774 stolalacileanimadvertit».
928 4712 932 4721 “
