<?xml version="1.0" encoding="UTF-8"?>
<!DOCTYPE html PUBLIC "-//W3C//DTD XHTML 1.0 Transitional//EN"
    "http://www.w3.org/TR/xhtml1/DTD/xhtml1-transitional.dtd">
<html xmlns="http://www.w3.org/1999/xhtml" xml:lang="en" lang="en">
 <head>
  <title>
</title>
<meta http-equiv="Content-Type" content="text/html;charset=utf-8" />
  <meta name='ocr-system' content='tesseract 3.04.00' />
  <meta name='ocr-capabilities' content='ocr_page ocr_carea ocr_par ocr_line ocrx_word'/>
</head>
<body>
  <div class='ocr_page' id='page_1' title='image "./commentariusina00knabgoog/commentariusina00knabgoog_0338.png"; bbox 0 0 4010 5474; ppageno 0'>
   <div class='ocr_carea' id='block_1_1' title="bbox 1019 334 1801 441">
    <p class='ocr_par' dir='ltr' id='par_1_1' title="bbox 1019 334 1801 441">
     <span class='ocr_line' id='line_1_1' title="bbox 1019 334 1801 441; baseline 0.005 -18"><span class='ocrx_word' id='word_1_1' title='bbox 1019 381 1086 424; x_wconf 67' lang='lat' dir='ltr'><strong>nr.</strong></span> <span class='ocrx_word' id='word_1_2' title='bbox 1111 334 1265 441; x_wconf 67' lang='lat' dir='ltr'><strong>insons.</strong></span> <span class='ocrx_word' id='word_1_3' title='bbox 1741 368 1801 429; x_wconf 79' lang='lat' dir='ltr'><strong>eoa</strong></span> 
     </span>
    </p>
   </div>
   <div class='ocr_carea' id='block_1_2' title="bbox 410 510 1802 1240">
    <p class='ocr_par' dir='ltr' id='par_1_2' title="bbox 410 510 1802 1240">
     <span class='ocr_line' id='line_1_2' title="bbox 474 510 1801 603; baseline 0.002 -21"><span class='ocrx_word' id='word_1_4' title='bbox 474 516 597 600; x_wconf 86' lang='lat' dir='ltr'><strong>lentie,</strong></span> <span class='ocrx_word' id='word_1_5' title='bbox 622 518 774 585; x_wconf 87' lang='lat' dir='ltr'><strong>novitate</strong></span> <span class='ocrx_word' id='word_1_6' title='bbox 800 512 953 603; x_wconf 77' lang='lat' dir='ltr'>permira</span> <span class='ocrx_word' id='word_1_7' title='bbox 977 510 1139 580; x_wconf 87' lang='lat' dir='ltr'><strong>videntur</strong></span> <span class='ocrx_word' id='word_1_8' title='bbox 1165 513 1275 602; x_wconf 79' lang='lat' dir='ltr'><strong>infers</strong></span> <span class='ocrx_word' id='word_1_9' title='bbox 1302 512 1443 581; x_wconf 81' lang='lat' dir='ltr'><strong>naribus</strong></span> <span class='ocrx_word' id='word_1_10' title='bbox 1473 514 1600 579; x_wconf 83' lang='lat' dir='ltr'><strong>nostris</strong></span> <span class='ocrx_word' id='word_1_11' title='bbox 1605 534 1620 596; x_wconf 88' lang='lat'><strong>,·</strong></span> <span class='ocrx_word' id='word_1_12' title='bbox 1643 516 1801 584; x_wconf 84' lang='lat' dir='ltr'><strong>volumus</strong></span> 
     </span>
     <span class='ocr_line' id='line_1_3' title="bbox 474 616 1800 714; baseline -0.002 -23"><span class='ocrx_word' id='word_1_13' title='bbox 474 646 557 714; x_wconf 77' lang='lat' dir='ltr'><strong>erqo</strong></span> <span class='ocrx_word' id='word_1_14' title='bbox 571 623 675 709; x_wconf 86' lang='lat' dir='ltr'><strong>seire,</strong></span> <span class='ocrx_word' id='word_1_15' title='bbox 693 619 863 710; x_wconf 81' lang='lat' dir='ltr'><em>quidnam</em></span> <span class='ocrx_word' id='word_1_16' title='bbox 877 616 986 684; x_wconf 85' lang='lat' dir='ltr'><strong>velint</strong></span> <span class='ocrx_word' id='word_1_17' title='bbox 999 617 1083 687; x_wconf 85' lang='lat' dir='ltr'><strong>haee</strong></span> <span class='ocrx_word' id='word_1_18' title='bbox 1098 641 1168 688; x_wconf 89' lang='lat' dir='ltr'><strong>esse</strong></span> <span class='ocrx_word' id='word_1_19' title='bbox 1172 640 1189 707; x_wconf 93' lang='lat'><strong>,·</strong></span> <span class='ocrx_word' id='word_1_20' title='bbox 1201 627 1235 688; x_wconf 90' lang='lat' dir='ltr'><strong>et</strong></span> <span class='ocrx_word' id='word_1_21' title='bbox 1253 629 1464 710; x_wconf 79' lang='lat' dir='ltr'><strong>quantopere</strong></span> <span class='ocrx_word' id='word_1_22' title='bbox 1478 617 1517 684; x_wconf 92' lang='lat' dir='ltr'><strong>id</strong></span> <span class='ocrx_word' id='word_1_23' title='bbox 1536 617 1800 689; x_wconf 75' lang='lat' dir='ltr'><strong>Atheniensium</strong></span> 
     </span>
     <span class='ocr_line' id='line_1_4' title="bbox 473 724 1801 811; baseline -0.002 -17"><span class='ocrx_word' id='word_1_24' title='bbox 473 726 583 795; x_wconf 89' lang='lat' dir='ltr'><strong>indoli</strong></span> <span class='ocrx_word' id='word_1_25' title='bbox 597 731 784 811; x_wconf 80' lang='lat' dir='ltr'><strong>congruat,</strong></span> <span class='ocrx_word' id='word_1_26' title='bbox 803 728 909 792; x_wconf 88' lang='lat' dir='ltr'><strong>Lucas</strong></span> <span class='ocrx_word' id='word_1_27' title='bbox 921 724 1065 793; x_wconf 85' lang='lat' dir='ltr'><strong>adnotat</strong></span> <span class='ocrx_word' id='word_1_28' title='bbox 1079 748 1111 791; x_wconf 88' lang='lat' dir='ltr'><strong>v.</strong></span> <span class='ocrx_word' id='word_1_29' title='bbox 1129 732 1169 793; x_wconf 79' lang='lat' dir='ltr'><strong>st</strong></span> <span class='ocrx_word' id='word_1_30' title='bbox 1186 725 1407 794; x_wconf 72' lang='lat' dir='ltr'><strong>Athenienses</strong></span> <span class='ocrx_word' id='word_1_31' title='bbox 1421 737 1538 793; x_wconf 80' lang='lat' dir='ltr'><strong>autent</strong></span> <span class='ocrx_word' id='word_1_32' title='bbox 1557 745 1673 791; x_wconf 88' lang='lat' dir='ltr'><strong>omnes</strong></span> <span class='ocrx_word' id='word_1_33' title='bbox 1687 737 1720 791; x_wconf 87' lang='lat' dir='ltr'><strong>et</strong></span> <span class='ocrx_word' id='word_1_34' title='bbox 1739 728 1801 792; x_wconf 84' lang='lat' dir='ltr'><strong>ed-</strong></span> 
     </span>
     <span class='ocr_line' id='line_1_5' title="bbox 473 829 1801 921; baseline -0.002 -21"><span class='ocrx_word' id='word_1_35' title='bbox 473 854 579 900; x_wconf 85' lang='lat' dir='ltr'><strong>oenae</strong></span> <span class='ocrx_word' id='word_1_36' title='bbox 607 829 756 920; x_wconf 83' lang='lat' dir='ltr'><strong>hospites</strong></span> <span class='ocrx_word' id='word_1_37' title='bbox 778 838 813 898; x_wconf 82' lang='lat' dir='ltr'><strong>et</strong></span> <span class='ocrx_word' id='word_1_38' title='bbox 831 831 1008 921; x_wconf 80' lang='lat' dir='ltr'><strong>peregrini</strong></span> <span class='ocrx_word' id='word_1_39' title='bbox 1033 831 1094 920; x_wconf 89' lang='lat' dir='ltr'><strong>qui</strong></span> <span class='ocrx_word' id='word_1_40' title='bbox 1114 830 1165 899; x_wconf 90' lang='lat' dir='ltr'><strong>ibi</strong></span> <span class='ocrx_word' id='word_1_41' title='bbox 1187 832 1362 915; x_wconf 81' lang='lat' dir='ltr'><strong>habitant3</strong></span> <span class='ocrx_word' id='word_1_42' title='bbox 1388 831 1613 901; x_wconf 74' lang='lat' dir='ltr'><strong>Athenienses</strong></span> <span class='ocrx_word' id='word_1_43' title='bbox 1636 829 1697 921; x_wconf 92' lang='lat' dir='ltr'><strong>qui</strong></span> <span class='ocrx_word' id='word_1_44' title='bbox 1718 837 1801 898; x_wconf 92' lang='lat' dir='ltr'><strong>tuuc</strong></span> 
     </span>
     <span class='ocr_line' id='line_1_6' title="bbox 410 936 1784 1027; baseline -0.001 -22"><span class='ocrx_word' id='word_1_45' title='bbox 410 946 414 965; x_wconf 80' lang='lat'>¹</span> <span class='ocrx_word' id='word_1_46' title='bbox 470 942 573 1005; x_wconf 81' lang='lat' dir='ltr'><strong>¹erant</strong></span> <span class='ocrx_word' id='word_1_47' title='bbox 590 936 775 1005; x_wconf 85' lang='lat' dir='ltr'><strong>colluviem</strong></span> <span class='ocrx_word' id='word_1_48' title='bbox 792 936 974 1006; x_wconf 86' lang='lat' dir='ltr'><strong>nationum</strong></span> <span class='ocrx_word' id='word_1_49' title='bbox 997 942 1098 1004; x_wconf 86' lang='lat' dir='ltr'><strong>vocat</strong></span> <span class='ocrx_word' id='word_1_50' title='bbox 1116 936 1193 1004; x_wconf 87' lang='lat' dir='ltr'><strong>Piso</strong></span> <span class='ocrx_word' id='word_1_51' title='bbox 1213 936 1310 1026; x_wconf 88' lang='lat' dir='ltr'><strong>apud</strong></span> <span class='ocrx_word' id='word_1_52' title='bbox 1328 937 1431 1004; x_wconf 80' lang='lat' dir='ltr'><strong>Tacit.</strong></span> <span class='ocrx_word' id='word_1_53' title='bbox 1454 938 1578 1004; x_wconf 90' lang='lat' dir='ltr'><strong>Annal.</strong></span> <span class='ocrx_word' id='word_1_54' title='bbox 1595 944 1675 1019; x_wconf 75' lang='lat'><strong>2,55</strong></span> <span class='ocrx_word' id='word_1_55' title='bbox 1700 936 1784 1027; x_wconf 81' lang='lat' dir='ltr'><strong>(nl.)</strong></span> 
     </span>
     <span class='ocr_line' id='line_1_7' title="bbox 473 1040 1802 1133; baseline -0.001 -23"><span class='ocrx_word' id='word_1_56' title='bbox 473 1041 522 1111; x_wconf 86' lang='lat' dir='ltr'><strong>nd</strong></span> <span class='ocrx_word' id='word_1_57' title='bbox 538 1042 630 1111; x_wconf 88' lang='lat' dir='ltr'><strong>nihil</strong></span> <span class='ocrx_word' id='word_1_58' title='bbox 649 1043 753 1112; x_wconf 84' lang='lat' dir='ltr'><strong>alind</strong></span> <span class='ocrx_word' id='word_1_59' title='bbox 769 1045 955 1127; x_wconf 86' lang='lat' dir='ltr'><strong>vacabant,</strong></span> <span class='ocrx_word' id='word_1_60' title='bbox 976 1041 1046 1109; x_wconf 78' lang='lat' dir='ltr'><strong>nz‘si</strong></span> <span class='ocrx_word' id='word_1_61' title='bbox 1063 1053 1125 1109; x_wconf 84' lang='lat' dir='ltr'><strong>aut</strong></span> <span class='ocrx_word' id='word_1_62' title='bbox 1144 1040 1256 1110; x_wconf 85' lang='lat' dir='ltr'><strong>dicere</strong></span> <span class='ocrx_word' id='word_1_63' title='bbox 1273 1054 1335 1110; x_wconf 84' lang='lat' dir='ltr'><strong>unt</strong></span> <span class='ocrx_word' id='word_1_64' title='bbox 1353 1041 1475 1110; x_wconf 82' lang='lat' dir='ltr'><strong>audire</strong></span> <span class='ocrx_word' id='word_1_65' title='bbox 1496 1041 1636 1133; x_wconf 84' lang='lat' dir='ltr'><strong>aliquid</strong></span> <span class='ocrx_word' id='word_1_66' title='bbox 1651 1043 1752 1126; x_wconf 87' lang='lat' dir='ltr'><strong>novi,</strong></span> <span class='ocrx_word' id='word_1_67' title='bbox 1764 1043 1802 1111; x_wconf 91' lang='lat' dir='ltr'><strong>id</strong></span> 
     </span>
     <span class='ocr_line' id='line_1_8' title="bbox 473 1146 1801 1240; baseline 0 -22"><span class='ocrx_word' id='word_1_68' title='bbox 473 1150 566 1240; x_wconf 87' lang='lat' dir='ltr'><strong>quod</strong></span> <span class='ocrx_word' id='word_1_69' title='bbox 577 1151 649 1218; x_wconf 88' lang='lat' dir='ltr'><strong>iam</strong></span> <span class='ocrx_word' id='word_1_70' title='bbox 659 1149 902 1218; x_wconf 73' lang='lat' dir='ltr'><strong>Demosthenes</strong></span> <span class='ocrx_word' id='word_1_71' title='bbox 915 1147 959 1214; x_wconf 88' lang='lat' dir='ltr'><strong>iis</strong></span> <span class='ocrx_word' id='word_1_72' title='bbox 972 1146 1193 1237; x_wconf 77' lang='lat' dir='ltr'><strong>exprobravit</strong></span> <span class='ocrx_word' id='word_1_73' title='bbox 1211 1170 1220 1218; x_wconf 71' lang='grc' dir='ltr'><em>τ</em></span> <span class='ocrx_word' id='word_1_74' title='bbox 1234 1156 1377 1231; x_wconf 77' lang='grc' dir='ltr'>βούλεσθε</span> <span class='ocrx_word' id='word_1_75' title='bbox 1394 1154 1561 1238; x_wconf 75' lang='grc' dir='ltr'>περιιόντες</span> <span class='ocrx_word' id='word_1_76' title='bbox 1577 1155 1672 1218; x_wconf 70' lang='grc' dir='ltr'>αὐτῶν</span> <span class='ocrx_word' id='word_1_77' title='bbox 1687 1155 1801 1218; x_wconf 83' lang='grc' dir='ltr'>πυνθά-</span> 
     </span>
    </p>
   </div>
   <div class='ocr_carea' id='block_1_3' title="bbox 345 1253 1802 1346">
    <p class='ocr_par' dir='ltr' id='par_1_3' title="bbox 345 1253 1802 1346">
     <span class='ocr_line' id='line_1_9' title="bbox 345 1253 1802 1346; baseline -0.003 -19"><span class='ocrx_word' id='word_1_78' title='bbox 345 1323 348 1327; x_wconf 77' lang='grc'>,</span> <span class='ocrx_word' id='word_1_79' title='bbox 472 1266 583 1326; x_wconf 68' lang='lat' dir='ltr'><strong>sentes</strong></span> <span class='ocrx_word' id='word_1_80' title='bbox 599 1265 724 1343; x_wconf 82' lang='grc' dir='ltr'><strong>λέγεταί</strong></span> <span class='ocrx_word' id='word_1_81' title='bbox 736 1285 764 1324; x_wconf 85' lang='grc' dir='ltr'><strong>τι</strong></span> <span class='ocrx_word' id='word_1_82' title='bbox 780 1260 897 1338; x_wconf 57' lang='lat' dir='ltr'><strong>saraim</strong></span> <span class='ocrx_word' id='word_1_83' title='bbox 912 1254 951 1321; x_wconf 91' lang='lat' dir='ltr'><strong>iu</strong></span> <span class='ocrx_word' id='word_1_84' title='bbox 966 1253 1090 1344; x_wconf 84' lang='lat' dir='ltr'><strong>Philip.</strong></span> <span class='ocrx_word' id='word_1_85' title='bbox 1110 1261 1201 1336; x_wconf 87' lang='lat'><strong>1,10‚</strong></span> <span class='ocrx_word' id='word_1_86' title='bbox 1224 1259 1259 1322; x_wconf 90' lang='lat' dir='ltr'><strong>et</strong></span> <span class='ocrx_word' id='word_1_87' title='bbox 1276 1257 1406 1322; x_wconf 78' lang='lat' dir='ltr'><strong>seneen</strong></span> <span class='ocrx_word' id='word_1_88' title='bbox 1420 1255 1491 1345; x_wconf 90' lang='lat' dir='ltr'><strong>(ep.</strong></span> <span class='ocrx_word' id='word_1_89' title='bbox 1509 1255 1566 1346; x_wconf 80' lang='lat' dir='ltr'><strong>et)</strong></span> <span class='ocrx_word' id='word_1_90' title='bbox 1584 1277 1593 1325; x_wconf 74' lang='grc' dir='ltr'><strong><em>ε</em></strong></span> <span class='ocrx_word' id='word_1_91' title='bbox 1610 1256 1802 1324; x_wconf 81' lang='lat' dir='ltr'><strong>Alexander</strong></span> 
     </span>
    </p>
   </div>
   <div class='ocr_carea' id='block_1_4' title="bbox 411 1348 1804 4848">
    <p class='ocr_par' dir='ltr' id='par_1_4' title="bbox 471 1348 1801 1664">
     <span class='ocr_line' id='line_1_10' title="bbox 473 1348 1798 1453; baseline -0.001 -23"><span class='ocrx_word' id='word_1_92' title='bbox 473 1364 533 1453; x_wconf 88' lang='lat' dir='ltr'><strong>qui</strong></span> <span class='ocrx_word' id='word_1_93' title='bbox 559 1348 655 1452; x_wconf 81' lang='lat' dir='ltr'><strong>qhod</strong></span> <span class='ocrx_word' id='word_1_94' title='bbox 675 1359 801 1449; x_wconf 89' lang='lat' dir='ltr'><strong>cuique</strong></span> <span class='ocrx_word' id='word_1_95' title='bbox 827 1359 998 1450; x_wconf 89' lang='lat' dir='ltr'><strong>optimum</strong></span> <span class='ocrx_word' id='word_1_96' title='bbox 1020 1363 1072 1427; x_wconf 83' lang='lat' dir='ltr'><strong>est</strong></span> <span class='ocrx_word' id='word_1_97' title='bbox 1092 1359 1239 1450; x_wconf 87' lang='lat' dir='ltr'><strong>eripuit,</strong></span> <span class='ocrx_word' id='word_1_98' title='bbox 1257 1360 1514 1440; x_wconf 87' lang='lat' dir='ltr'><strong>Lacedaemona</strong></span> <span class='ocrx_word' id='word_1_99' title='bbox 1533 1362 1663 1429; x_wconf 79' lang='lat' dir='ltr'><strong>servire</strong></span> <span class='ocrx_word' id='word_1_100' title='bbox 1686 1362 1798 1444; x_wconf 85' lang='lat' dir='ltr'><strong>iubet,</strong></span> 
     </span>
     <span class='ocr_line' id='line_1_11' title="bbox 471 1464 1801 1555; baseline -0.001 -20"><span class='ocrx_word' id='word_1_101' title='bbox 471 1468 620 1535; x_wconf 87' lang='lat' dir='ltr'><strong>Athenas</strong></span> <span class='ocrx_word' id='word_1_102' title='bbox 642 1472 773 1549; x_wconf 87' lang='lat' dir='ltr'><strong>tacere;</strong></span> <span class='ocrx_word' id='word_1_103' title='bbox 798 1465 899 1555; x_wconf 90' lang='lat' dir='ltr'><strong>plura</strong></span> <span class='ocrx_word' id='word_1_104' title='bbox 920 1464 1092 1533; x_wconf 89' lang='lat' dir='ltr'><strong>eiusmodi</strong></span> <span class='ocrx_word' id='word_1_105' title='bbox 1116 1465 1215 1533; x_wconf 83' lang='lat' dir='ltr'><strong>affert</strong></span> <span class='ocrx_word' id='word_1_106' title='bbox 1246 1468 1361 1535; x_wconf 86' lang='lat' dir='ltr'><strong>Wetst.</strong></span> <span class='ocrx_word' id='word_1_107' title='bbox 1379 1466 1423 1535; x_wconf 91' lang='lat' dir='ltr'><strong>ad</strong></span> <span class='ocrx_word' id='word_1_108' title='bbox 1447 1467 1483 1535; x_wconf 94' lang='lat' dir='ltr'><strong>h.</strong></span> <span class='ocrx_word' id='word_1_109' title='bbox 1503 1467 1528 1534; x_wconf 94' lang='lat' dir='ltr'><strong>l.</strong></span> <span class='ocrx_word' id='word_1_110' title='bbox 1546 1465 1643 1547; x_wconf 84' lang='lat' dir='ltr'><strong>Quod</strong></span> <span class='ocrx_word' id='word_1_111' title='bbox 1668 1473 1801 1534; x_wconf 88' lang='lat' dir='ltr'><strong>veteres</strong></span> 
     </span>
     <span class='ocr_line' id='line_1_12' title="bbox 472 1571 1610 1664; baseline 0.001 -24"><span class='ocrx_word' id='word_1_112' title='bbox 472 1572 593 1640; x_wconf 90' lang='lat' dir='ltr'><strong>dicunt</strong></span> <span class='ocrx_word' id='word_1_113' title='bbox 605 1572 651 1641; x_wconf 89' lang='lat' dir='ltr'><strong>ad</strong></span> <span class='ocrx_word' id='word_1_114' title='bbox 666 1572 800 1640; x_wconf 88' lang='lat' dir='ltr'><strong>iudices</strong></span> <span class='ocrx_word' id='word_1_115' title='bbox 814 1572 959 1640; x_wconf 91' lang='lat' dir='ltr'><strong>Paulum</strong></span> <span class='ocrx_word' id='word_1_116' title='bbox 976 1578 1048 1639; x_wconf 85' lang='lat' dir='ltr'><strong>esse</strong></span> <span class='ocrx_word' id='word_1_117' title='bbox 1062 1571 1204 1640; x_wconf 86' lang='lat' dir='ltr'><strong>ductum</strong></span> <span class='ocrx_word' id='word_1_118' title='bbox 1222 1594 1293 1640; x_wconf 92' lang='lat' dir='ltr'><strong>uon</strong></span> <span class='ocrx_word' id='word_1_119' title='bbox 1310 1579 1360 1641; x_wconf 90' lang='lat' dir='ltr'><strong>est</strong></span> <span class='ocrx_word' id='word_1_120' title='bbox 1373 1572 1610 1664; x_wconf 89' lang='lat' dir='ltr'><strong>repetendum.</strong></span> 
     </span>
    </p>

    <p class='ocr_par' dir='ltr' id='par_1_5' title="bbox 468 1677 1800 3359">
     <span class='ocr_line' id='line_1_13' title="bbox 518 1677 1799 1770; baseline -0.001 -23"><span class='ocrx_word' id='word_1_121' title='bbox 518 1678 633 1747; x_wconf 81' lang='lat' dir='ltr'><strong>Oratio</strong></span> <span class='ocrx_word' id='word_1_122' title='bbox 645 1679 743 1747; x_wconf 88' lang='lat' dir='ltr'><strong>Pauli</strong></span> <span class='ocrx_word' id='word_1_123' title='bbox 759 1699 849 1769; x_wconf 89' lang='lat' dir='ltr'><strong>quae</strong></span> <span class='ocrx_word' id='word_1_124' title='bbox 863 1677 1021 1767; x_wconf 88' lang='lat' dir='ltr'><strong>sequitur</strong></span> <span class='ocrx_word' id='word_1_125' title='bbox 1038 1698 1165 1765; x_wconf 83' lang='lat' dir='ltr'><strong>magna</strong></span> <span class='ocrx_word' id='word_1_126' title='bbox 1188 1677 1372 1770; x_wconf 88' lang='lat' dir='ltr'><strong>prudentia</strong></span> <span class='ocrx_word' id='word_1_127' title='bbox 1387 1684 1421 1747; x_wconf 91' lang='lat' dir='ltr'><strong>et</strong></span> <span class='ocrx_word' id='word_1_128' title='bbox 1442 1682 1585 1747; x_wconf 86' lang='lat' dir='ltr'><strong>arteest</strong></span> <span class='ocrx_word' id='word_1_129' title='bbox 1601 1678 1647 1747; x_wconf 90' lang='lat' dir='ltr'><strong>ad</strong></span> <span class='ocrx_word' id='word_1_130' title='bbox 1660 1678 1799 1746; x_wconf 88' lang='lat' dir='ltr'><strong>audito-</strong></span> 
     </span>
     <span class='ocr_line' id='line_1_14' title="bbox 468 1782 1800 1883; baseline 0.001 -30"><span class='ocrx_word' id='word_1_131' title='bbox 468 1806 550 1853; x_wconf 88' lang='lat' dir='ltr'><strong>rum</strong></span> <span class='ocrx_word' id='word_1_132' title='bbox 563 1784 718 1883; x_wconf 83' lang='lat' dir='ltr'><strong>indolem</strong></span> <span class='ocrx_word' id='word_1_133' title='bbox 731 1782 1003 1852; x_wconf 89' lang='lat' dir='ltr'><strong>accommodata.</strong></span> <span class='ocrx_word' id='word_1_134' title='bbox 1021 1782 1159 1852; x_wconf 90' lang='lat' dir='ltr'><strong>Orditur</strong></span> <span class='ocrx_word' id='word_1_135' title='bbox 1176 1784 1222 1853; x_wconf 91' lang='lat' dir='ltr'><strong>ah</strong></span> <span class='ocrx_word' id='word_1_136' title='bbox 1238 1784 1356 1876; x_wconf 87' lang='lat' dir='ltr'><strong>aliqua</strong></span> <span class='ocrx_word' id='word_1_137' title='bbox 1376 1786 1572 1876; x_wconf 85' lang='lat' dir='ltr'><strong>captatione</strong></span> <span class='ocrx_word' id='word_1_138' title='bbox 1591 1783 1800 1854; x_wconf 89' lang='lat' dir='ltr'><strong>benevolen-</strong></span> 
     </span>
     <span class='ocr_line' id='line_1_15' title="bbox 470 1889 1800 1981; baseline 0.001 -22"><span class='ocrx_word' id='word_1_139' title='bbox 470 1892 540 1960; x_wconf 84' lang='lat' dir='ltr'><strong>tiae</strong></span> <span class='ocrx_word' id='word_1_140' title='bbox 556 1894 602 1981; x_wconf 86' lang='lat' dir='ltr'><strong>(v.</strong></span> <span class='ocrx_word' id='word_1_141' title='bbox 621 1894 675 1978; x_wconf 74' lang='lat'><strong>22)</strong></span> <span class='ocrx_word' id='word_1_142' title='bbox 691 1898 726 1958; x_wconf 90' lang='lat' dir='ltr'><strong>et</strong></span> <span class='ocrx_word' id='word_1_143' title='bbox 738 1892 916 1958; x_wconf 87' lang='lat' dir='ltr'><strong>mentione</strong></span> <span class='ocrx_word' id='word_1_144' title='bbox 930 1891 1019 1958; x_wconf 87' lang='lat' dir='ltr'><strong>lacta</strong></span> <span class='ocrx_word' id='word_1_145' title='bbox 1035 1889 1269 1981; x_wconf 85' lang='lat' dir='ltr'><strong>inscriptionis</strong></span> <span class='ocrx_word' id='word_1_146' title='bbox 1292 1893 1437 1979; x_wconf 77' lang='lat' dir='ltr'><strong>:ignoto</strong></span> <span class='ocrx_word' id='word_1_147' title='bbox 1459 1896 1544 1973; x_wconf 83' lang='lat' dir='ltr'><strong>Deo,</strong></span> <span class='ocrx_word' id='word_1_148' title='bbox 1563 1893 1708 1960; x_wconf 81' lang='lat' dir='ltr'><strong>attentio</strong></span> <span class='ocrx_word' id='word_1_149' title='bbox 1737 1915 1800 1961; x_wconf 91' lang='lat' dir='ltr'><strong>au-</strong></span> 
     </span>
     <span class='ocr_line' id='line_1_16' title="bbox 471 1995 1799 2088; baseline 0.002 -23"><span class='ocrx_word' id='word_1_150' title='bbox 471 1997 589 2065; x_wconf 90' lang='lat' dir='ltr'><strong>diendi</strong></span> <span class='ocrx_word' id='word_1_151' title='bbox 607 1995 742 2086; x_wconf 86' lang='lat' dir='ltr'><strong>aliquid</strong></span> <span class='ocrx_word' id='word_1_152' title='bbox 755 1997 837 2064; x_wconf 90' lang='lat' dir='ltr'><strong>novi</strong></span> <span class='ocrx_word' id='word_1_153' title='bbox 853 1997 1020 2064; x_wconf 85' lang='lat' dir='ltr'><strong>excitatur</strong></span> <span class='ocrx_word' id='word_1_154' title='bbox 1035 1996 1083 2087; x_wconf 86' lang='lat' dir='ltr'><strong>(v.</strong></span> <span class='ocrx_word' id='word_1_155' title='bbox 1099 1997 1173 2087; x_wconf 77' lang='lat'>23);</span> <span class='ocrx_word' id='word_1_156' title='bbox 1190 1996 1271 2066; x_wconf 91' lang='lat' dir='ltr'><strong>dein</strong></span> <span class='ocrx_word' id='word_1_157' title='bbox 1286 1997 1466 2088; x_wconf 83' lang='lat' dir='ltr'><strong>exponitur</strong></span> <span class='ocrx_word' id='word_1_158' title='bbox 1479 2019 1563 2066; x_wconf 85' lang='lat' dir='ltr'><strong>vera</strong></span> <span class='ocrx_word' id='word_1_159' title='bbox 1574 1997 1634 2067; x_wconf 83' lang='lat' dir='ltr'><strong>[tei</strong></span> <span class='ocrx_word' id='word_1_160' title='bbox 1648 1999 1756 2083; x_wconf 87' lang='lat' dir='ltr'><strong>notio,</strong></span> <span class='ocrx_word' id='word_1_161' title='bbox 1778 2020 1799 2067; x_wconf 91' lang='lat' dir='ltr'><strong>a</strong></span> 
     </span>
     <span class='ocr_line' id='line_1_17' title="bbox 470 2101 1798 2195; baseline 0 -24"><span class='ocrx_word' id='word_1_162' title='bbox 470 2125 540 2194; x_wconf 93' lang='lat' dir='ltr'><strong>quo</strong></span> <span class='ocrx_word' id='word_1_163' title='bbox 563 2116 756 2195; x_wconf 88' lang='lat' dir='ltr'><strong>perunum</strong></span> <span class='ocrx_word' id='word_1_164' title='bbox 780 2101 958 2172; x_wconf 90' lang='lat' dir='ltr'><strong>huminem</strong></span> <span class='ocrx_word' id='word_1_165' title='bbox 980 2106 1090 2170; x_wconf 86' lang='lat' dir='ltr'><strong>totum</strong></span> <span class='ocrx_word' id='word_1_166' title='bbox 1111 2122 1221 2189; x_wconf 77' lang='lat' dir='ltr'><strong>genus</strong></span> <span class='ocrx_word' id='word_1_167' title='bbox 1242 2104 1434 2171; x_wconf 90' lang='lat' dir='ltr'><strong>humanum</strong></span> <span class='ocrx_word' id='word_1_168' title='bbox 1461 2103 1600 2171; x_wconf 85' lang='lat' dir='ltr'><strong>exsistat</strong></span> <span class='ocrx_word' id='word_1_169' title='bbox 1623 2105 1798 2194; x_wconf 86' lang='lat' dir='ltr'><strong>quandam</strong></span> 
     </span>
     <span class='ocr_line' id='line_1_18' title="bbox 470 2206 1796 2300; baseline -0.001 -23"><span class='ocrx_word' id='word_1_170' title='bbox 470 2230 548 2278; x_wconf 91' lang='lat' dir='ltr'><strong>enm</strong></span> <span class='ocrx_word' id='word_1_171' title='bbox 561 2213 630 2277; x_wconf 83' lang='lat' dir='ltr'><strong>[teo</strong></span> <span class='ocrx_word' id='word_1_172' title='bbox 638 2208 882 2297; x_wconf 83' lang='lat' dir='ltr'><strong>cognationem</strong></span> <span class='ocrx_word' id='word_1_173' title='bbox 901 2229 942 2274; x_wconf 92' lang='lat' dir='ltr'><strong>ac</strong></span> <span class='ocrx_word' id='word_1_174' title='bbox 962 2206 1223 2276; x_wconf 85' lang='lat' dir='ltr'><strong>similitudinem</strong></span> <span class='ocrx_word' id='word_1_175' title='bbox 1245 2209 1394 2277; x_wconf 76' lang='lat' dir='ltr'><strong>referens</strong></span> <span class='ocrx_word' id='word_1_176' title='bbox 1409 2213 1496 2276; x_wconf 87' lang='lat' dir='ltr'><strong>teste</strong></span> <span class='ocrx_word' id='word_1_177' title='bbox 1510 2212 1612 2299; x_wconf 89' lang='lat' dir='ltr'><strong>poeta</strong></span> <span class='ocrx_word' id='word_1_178' title='bbox 1627 2207 1796 2300; x_wconf 88' lang='lat' dir='ltr'><strong>quodum;</strong></span> 
     </span>
     <span class='ocr_line' id='line_1_19' title="bbox 471 2313 1799 2405; baseline -0.003 -19"><span class='ocrx_word' id='word_1_179' title='bbox 471 2314 563 2386; x_wconf 89' lang='lat' dir='ltr'><strong>unde</strong></span> <span class='ocrx_word' id='word_1_180' title='bbox 576 2316 648 2384; x_wconf 93' lang='lat' dir='ltr'><strong>iam</strong></span> <span class='ocrx_word' id='word_1_181' title='bbox 661 2313 799 2405; x_wconf 86' lang='lat' dir='ltr'><strong>explodi</strong></span> <span class='ocrx_word' id='word_1_182' title='bbox 812 2313 989 2381; x_wconf 90' lang='lat' dir='ltr'><strong>notionem</strong></span> <span class='ocrx_word' id='word_1_183' title='bbox 1002 2313 1234 2400; x_wconf 89' lang='lat' dir='ltr'><strong>idololatriae;</strong></span> <span class='ocrx_word' id='word_1_184' title='bbox 1248 2319 1355 2383; x_wconf 85' lang='lat' dir='ltr'><strong>Deum</strong></span> <span class='ocrx_word' id='word_1_185' title='bbox 1363 2336 1456 2383; x_wconf 89' lang='lat' dir='ltr'><strong>nune</strong></span> <span class='ocrx_word' id='word_1_186' title='bbox 1464 2313 1629 2383; x_wconf 89' lang='lat' dir='ltr'><strong>omnihus</strong></span> <span class='ocrx_word' id='word_1_187' title='bbox 1637 2315 1799 2383; x_wconf 90' lang='lat' dir='ltr'><strong>nuntium</strong></span> 
     </span>
     <span class='ocr_line' id='line_1_20' title="bbox 471 2419 1799 2512; baseline -0.002 -22"><span class='ocrx_word' id='word_1_188' title='bbox 471 2422 624 2505; x_wconf 88' lang='lat' dir='ltr'><strong>mittere,</strong></span> <span class='ocrx_word' id='word_1_189' title='bbox 637 2428 675 2488; x_wconf 89' lang='lat' dir='ltr'><strong>ut</strong></span> <span class='ocrx_word' id='word_1_190' title='bbox 690 2420 736 2489; x_wconf 86' lang='lat' dir='ltr'><strong>ah</strong></span> <span class='ocrx_word' id='word_1_191' title='bbox 745 2442 787 2489; x_wconf 89' lang='lat' dir='ltr'><strong>eo</strong></span> <span class='ocrx_word' id='word_1_192' title='bbox 802 2441 920 2488; x_wconf 87' lang='lat' dir='ltr'><strong>errore</strong></span> <span class='ocrx_word' id='word_1_193' title='bbox 934 2420 1153 2509; x_wconf 86' lang='lat' dir='ltr'><strong>resipiscant;</strong></span> <span class='ocrx_word' id='word_1_194' title='bbox 1167 2440 1250 2488; x_wconf 89' lang='lat' dir='ltr'><strong>nam</strong></span> <span class='ocrx_word' id='word_1_195' title='bbox 1264 2420 1340 2489; x_wconf 81' lang='lat' dir='ltr'><strong>sore</strong></span> <span class='ocrx_word' id='word_1_196' title='bbox 1351 2419 1520 2490; x_wconf 88' lang='lat' dir='ltr'><strong>iudicium</strong></span> <span class='ocrx_word' id='word_1_197' title='bbox 1538 2421 1597 2489; x_wconf 81' lang='lat' dir='ltr'><strong>Dei</strong></span> <span class='ocrx_word' id='word_1_198' title='bbox 1611 2443 1673 2512; x_wconf 90' lang='lat' dir='ltr'><strong>per</strong></span> <span class='ocrx_word' id='word_1_199' title='bbox 1683 2421 1799 2488; x_wconf 79' lang='lat' dir='ltr'><strong>virum</strong></span> 
     </span>
     <span class='ocr_line' id='line_1_21' title="bbox 471 2524 1797 2617; baseline -0.001 -21"><span class='ocrx_word' id='word_1_200' title='bbox 471 2551 493 2596; x_wconf 92' lang='lat' dir='ltr'><strong>a</strong></span> <span class='ocrx_word' id='word_1_201' title='bbox 507 2533 575 2596; x_wconf 83' lang='lat' dir='ltr'><strong>Deo</strong></span> <span class='ocrx_word' id='word_1_202' title='bbox 588 2528 814 2595; x_wconf 89' lang='lat' dir='ltr'><strong>constitutum</strong></span> <span class='ocrx_word' id='word_1_203' title='bbox 828 2532 862 2594; x_wconf 91' lang='lat' dir='ltr'><strong>et</strong></span> <span class='ocrx_word' id='word_1_204' title='bbox 875 2525 1132 2594; x_wconf 77' lang='lat' dir='ltr'><strong>resuscitatione</strong></span> <span class='ocrx_word' id='word_1_205' title='bbox 1146 2548 1168 2594; x_wconf 92' lang='lat' dir='ltr'><strong>a</strong></span> <span class='ocrx_word' id='word_1_206' title='bbox 1183 2526 1329 2594; x_wconf 81' lang='lat' dir='ltr'><strong>mortuis</strong></span> <span class='ocrx_word' id='word_1_207' title='bbox 1341 2524 1575 2617; x_wconf 85' lang='lat' dir='ltr'><strong>approbatum</strong></span> <span class='ocrx_word' id='word_1_208' title='bbox 1592 2526 1638 2616; x_wconf 83' lang='lat' dir='ltr'><strong>(v.</strong></span> <span class='ocrx_word' id='word_1_209' title='bbox 1662 2526 1797 2616; x_wconf 70' lang='lat' dir='ltr'><strong>ets-31).</strong></span> 
     </span>
     <span class='ocr_line' id='line_1_22' title="bbox 470 2629 1800 2723; baseline -0.001 -21"><span class='ocrx_word' id='word_1_210' title='bbox 470 2638 561 2702; x_wconf 87' lang='lat' dir='ltr'><strong>Bene</strong></span> <span class='ocrx_word' id='word_1_211' title='bbox 576 2639 674 2701; x_wconf 91' lang='lat' dir='ltr'><strong>notat</strong></span> <span class='ocrx_word' id='word_1_212' title='bbox 687 2631 741 2700; x_wconf 90' lang='lat' dir='ltr'><strong>Bl.</strong></span> <span class='ocrx_word' id='word_1_213' title='bbox 758 2652 800 2699; x_wconf 86' lang='lat'><strong>:«</strong></span> <span class='ocrx_word' id='word_1_214' title='bbox 811 2631 922 2700; x_wconf 84' lang='lat' dir='ltr'><strong>oratio</strong></span> <span class='ocrx_word' id='word_1_215' title='bbox 933 2632 1029 2699; x_wconf 88' lang='lat' dir='ltr'><strong>Pauli</strong></span> <span class='ocrx_word' id='word_1_216' title='bbox 1048 2632 1133 2721; x_wconf 88' lang='lat' dir='ltr'><strong>quin</strong></span> <span class='ocrx_word' id='word_1_217' title='bbox 1151 2629 1313 2714; x_wconf 86' lang='lat' dir='ltr'><strong>fideliter,</strong></span> <span class='ocrx_word' id='word_1_218' title='bbox 1329 2633 1392 2700; x_wconf 89' lang='lat' dir='ltr'><strong>etsi</strong></span> <span class='ocrx_word' id='word_1_219' title='bbox 1404 2630 1624 2715; x_wconf 84' lang='lat' dir='ltr'><strong>brevissime,</strong></span> <span class='ocrx_word' id='word_1_220' title='bbox 1641 2653 1800 2723; x_wconf 85' lang='lat' dir='ltr'><strong>expressa</strong></span> 
     </span>
     <span class='ocr_line' id='line_1_23' title="bbox 470 2736 1800 2829; baseline -0.001 -21"><span class='ocrx_word' id='word_1_221' title='bbox 470 2739 532 2821; x_wconf 90' lang='lat' dir='ltr'><strong>sit,</strong></span> <span class='ocrx_word' id='word_1_222' title='bbox 545 2744 638 2809; x_wconf 89' lang='lat' dir='ltr'><strong>recte</strong></span> <span class='ocrx_word' id='word_1_223' title='bbox 664 2737 819 2806; x_wconf 86' lang='lat' dir='ltr'><strong>dubitari</strong></span> <span class='ocrx_word' id='word_1_224' title='bbox 839 2737 977 2829; x_wconf 87' lang='lat' dir='ltr'><strong>nequit;</strong></span> <span class='ocrx_word' id='word_1_225' title='bbox 994 2737 1132 2806; x_wconf 88' lang='lat' dir='ltr'><strong>itasunt</strong></span> <span class='ocrx_word' id='word_1_226' title='bbox 1157 2737 1274 2806; x_wconf 90' lang='lat' dir='ltr'><strong>omnia</strong></span> <span class='ocrx_word' id='word_1_227' title='bbox 1296 2743 1331 2806; x_wconf 91' lang='lat' dir='ltr'><strong>et</strong></span> <span class='ocrx_word' id='word_1_228' title='bbox 1351 2737 1427 2805; x_wconf 87' lang='lat' dir='ltr'><strong>loco</strong></span> <span class='ocrx_word' id='word_1_229' title='bbox 1441 2743 1476 2806; x_wconf 90' lang='lat' dir='ltr'><strong>et</strong></span> <span class='ocrx_word' id='word_1_230' title='bbox 1500 2736 1724 2807; x_wconf 86' lang='lat' dir='ltr'><strong>audientibus</strong></span> <span class='ocrx_word' id='word_1_231' title='bbox 1745 2760 1800 2807; x_wconf 89' lang='lat' dir='ltr'><strong>ac·</strong></span> 
     </span>
     <span class='ocr_line' id='line_1_24' title="bbox 471 2842 1800 2935; baseline -0.002 -20"><span class='ocrx_word' id='word_1_232' title='bbox 471 2845 700 2915; x_wconf 86' lang='lat' dir='ltr'><strong>commodata.</strong></span> <span class='ocrx_word' id='word_1_233' title='bbox 735 2849 821 2911; x_wconf 85' lang='lat' dir='ltr'><strong>Tum</strong></span> <span class='ocrx_word' id='word_1_234' title='bbox 852 2842 1000 2934; x_wconf 89' lang='lat' dir='ltr'><strong>quilibet</strong></span> <span class='ocrx_word' id='word_1_235' title='bbox 1030 2843 1091 2933; x_wconf 90' lang='lat' dir='ltr'><strong>qui</strong></span> <span class='ocrx_word' id='word_1_236' title='bbox 1121 2843 1238 2935; x_wconf 90' lang='lat' dir='ltr'><strong>paullo</strong></span> <span class='ocrx_word' id='word_1_237' title='bbox 1260 2843 1448 2912; x_wconf 87' lang='lat' dir='ltr'><strong>recentiore</strong></span> <span class='ocrx_word' id='word_1_238' title='bbox 1481 2849 1595 2912; x_wconf 88' lang='lat' dir='ltr'><strong>aetate</strong></span> <span class='ocrx_word' id='word_1_239' title='bbox 1626 2844 1800 2913; x_wconf 89' lang='lat' dir='ltr'><strong>orationes</strong></span> 
     </span>
     <span class='ocr_line' id='line_1_25' title="bbox 472 2948 1799 3040; baseline 0 -21"><span class='ocrx_word' id='word_1_240' title='bbox 472 2952 568 3021; x_wconf 87' lang='lat' dir='ltr'><strong>Pauli</strong></span> <span class='ocrx_word' id='word_1_241' title='bbox 582 2951 792 3019; x_wconf 81' lang='lat' dir='ltr'><strong>conflaturus</strong></span> <span class='ocrx_word' id='word_1_242' title='bbox 807 2955 897 3032; x_wconf 89' lang='lat' dir='ltr'><strong>erat,</strong></span> <span class='ocrx_word' id='word_1_243' title='bbox 917 2970 1043 3016; x_wconf 87' lang='lat' dir='ltr'><strong>usurus</strong></span> <span class='ocrx_word' id='word_1_244' title='bbox 1056 2955 1132 3016; x_wconf 88' lang='lat' dir='ltr'><strong>erat</strong></span> <span class='ocrx_word' id='word_1_245' title='bbox 1146 2949 1241 3018; x_wconf 84' lang='lat' dir='ltr'><strong>Pauli</strong></span> <span class='ocrx_word' id='word_1_246' title='bbox 1254 2948 1419 3040; x_wconf 81' lang='lat' dir='ltr'><strong>epistulis,</strong></span> <span class='ocrx_word' id='word_1_247' title='bbox 1433 2971 1582 3040; x_wconf 87' lang='lat' dir='ltr'><strong>quarum</strong></span> <span class='ocrx_word' id='word_1_248' title='bbox 1595 2949 1634 3018; x_wconf 91' lang='lat' dir='ltr'><strong>in</strong></span> <span class='ocrx_word' id='word_1_249' title='bbox 1649 2950 1715 3019; x_wconf 87' lang='lat' dir='ltr'><strong>hac</strong></span> <span class='ocrx_word' id='word_1_250' title='bbox 1729 2972 1799 3019; x_wconf 90' lang='lat' dir='ltr'><strong>non</strong></span> 
     </span>
     <span class='ocr_line' id='line_1_26' title="bbox 472 3053 1799 3148; baseline -0.001 -22"><span class='ocrx_word' id='word_1_251' title='bbox 472 3057 585 3145; x_wconf 77' lang='lat' dir='ltr'><strong>magis</strong></span> <span class='ocrx_word' id='word_1_252' title='bbox 605 3078 711 3148; x_wconf 91' lang='lat' dir='ltr'><strong>quam</strong></span> <span class='ocrx_word' id='word_1_253' title='bbox 735 3057 770 3124; x_wconf 90' lang='lat' dir='ltr'><strong>in</strong></span> <span class='ocrx_word' id='word_1_254' title='bbox 790 3055 914 3124; x_wconf 87' lang='lat' dir='ltr'><strong>ceteris</strong></span> <span class='ocrx_word' id='word_1_255' title='bbox 937 3053 1149 3123; x_wconf 88' lang='lat' dir='ltr'><strong>orationibus</strong></span> <span class='ocrx_word' id='word_1_256' title='bbox 1172 3054 1217 3145; x_wconf 81' lang='lat' dir='ltr'><strong>(c.</strong></span> <span class='ocrx_word' id='word_1_257' title='bbox 1243 3062 1295 3124; x_wconf 80' lang='lat'><strong>13.</strong></span> <span class='ocrx_word' id='word_1_258' title='bbox 1318 3060 1432 3124; x_wconf 63' lang='grc' dir='ltr'><strong>ΜΞ.</strong></span> <span class='ocrx_word' id='word_1_259' title='bbox 1457 3056 1575 3141; x_wconf 62' lang='lat' dir='ltr'><strong>itha)</strong></span> <span class='ocrx_word' id='word_1_260' title='bbox 1606 3056 1698 3124; x_wconf 90' lang='lat' dir='ltr'><strong>ullus</strong></span> <span class='ocrx_word' id='word_1_261' title='bbox 1717 3079 1799 3125; x_wconf 91' lang='lat' dir='ltr'><strong>usus</strong></span> 
     </span>
     <span class='ocr_line' id='line_1_27' title="bbox 471 3160 1799 3256; baseline 0 -24"><span class='ocrx_word' id='word_1_262' title='bbox 471 3169 661 3256; x_wconf 86' lang='lat' dir='ltr'><strong>comparet.</strong></span> <span class='ocrx_word' id='word_1_263' title='bbox 679 3166 795 3253; x_wconf 87' lang='lat' dir='ltr'><strong>Neque</strong></span> <span class='ocrx_word' id='word_1_264' title='bbox 809 3183 891 3230; x_wconf 88' lang='lat' dir='ltr'><strong>vero</strong></span> <span class='ocrx_word' id='word_1_265' title='bbox 909 3183 952 3229; x_wconf 87' lang='lat' dir='ltr'><strong>ex</strong></span> <span class='ocrx_word' id='word_1_266' title='bbox 968 3160 1126 3246; x_wconf 70' lang='lat' dir='ltr'><strong>illontia</strong></span> <span class='ocrx_word' id='word_1_267' title='bbox 1143 3167 1159 3230; x_wconf 87' lang='lat'>1</span> <span class='ocrx_word' id='word_1_268' title='bbox 1182 3161 1297 3230; x_wconf 86' lang='lat' dir='ltr'><strong>Thess.</strong></span> <span class='ocrx_word' id='word_1_269' title='bbox 1313 3167 1368 3246; x_wconf 83' lang='lat' dir='ltr'><strong>a‚1</strong></span> <span class='ocrx_word' id='word_1_270' title='bbox 1395 3160 1673 3231; x_wconf 84' lang='lat' dir='ltr'><strong>concludendum</strong></span> <span class='ocrx_word' id='word_1_271' title='bbox 1692 3169 1743 3231; x_wconf 79' lang='lat' dir='ltr'><strong>est</strong></span> <span class='ocrx_word' id='word_1_272' title='bbox 1754 3185 1799 3232; x_wconf 89' lang='lat' dir='ltr'><strong>ne</strong></span> 
     </span>
     <span class='ocr_line' id='line_1_28' title="bbox 472 3265 1315 3359; baseline -0.001 -21"><span class='ocrx_word' id='word_1_273' title='bbox 472 3270 670 3338; x_wconf 87' lang='lat' dir='ltr'><strong>ministrum</strong></span> <span class='ocrx_word' id='word_1_274' title='bbox 685 3267 827 3359; x_wconf 90' lang='lat' dir='ltr'><strong>quidem</strong></span> <span class='ocrx_word' id='word_1_275' title='bbox 843 3267 948 3336; x_wconf 87' lang='lat' dir='ltr'><strong>Paulo</strong></span> <span class='ocrx_word' id='word_1_276' title='bbox 964 3266 1105 3335; x_wconf 88' lang='lat' dir='ltr'><strong>Athenis</strong></span> <span class='ocrx_word' id='word_1_277' title='bbox 1118 3265 1271 3337; x_wconf 75' lang='lat' dir='ltr'><strong>adfuisse</strong></span> <span class='ocrx_word' id='word_1_278' title='bbox 1284 3295 1315 3337; x_wconf 74' lang='lat' dir='ltr'><strong>a.</strong></span> 
     </span>
    </p>

    <p class='ocr_par' dir='ltr' id='par_1_6' title="bbox 411 3371 1804 4848">
     <span class='ocr_line' id='line_1_29' title="bbox 516 3371 1799 3466; baseline -0.002 -22"><span class='ocrx_word' id='word_1_279' title='bbox 516 3381 554 3444; x_wconf 92' lang='lat' dir='ltr'><strong>ln</strong></span> <span class='ocrx_word' id='word_1_280' title='bbox 568 3376 646 3444; x_wconf 91' lang='lat' dir='ltr'><strong>loco</strong></span> <span class='ocrx_word' id='word_1_281' title='bbox 660 3375 770 3462; x_wconf 79' lang='lat' dir='ltr'><strong>igitur</strong></span> <span class='ocrx_word' id='word_1_282' title='bbox 781 3373 876 3441; x_wconf 87' lang='lat' dir='ltr'><strong>edito</strong></span> <span class='ocrx_word' id='word_1_283' title='bbox 885 3394 927 3441; x_wconf 85' lang='lat' dir='ltr'><strong>ex</strong></span> <span class='ocrx_word' id='word_1_284' title='bbox 939 3395 1008 3463; x_wconf 91' lang='lat' dir='ltr'><strong>quo</strong></span> <span class='ocrx_word' id='word_1_285' title='bbox 1021 3371 1059 3440; x_wconf 91' lang='lat' dir='ltr'><strong>in</strong></span> <span class='ocrx_word' id='word_1_286' title='bbox 1074 3373 1196 3441; x_wconf 88' lang='lat' dir='ltr'><strong>urbem</strong></span> <span class='ocrx_word' id='word_1_287' title='bbox 1210 3379 1245 3441; x_wconf 91' lang='lat' dir='ltr'><strong>et</strong></span> <span class='ocrx_word' id='word_1_288' title='bbox 1258 3380 1484 3442; x_wconf 91' lang='lat' dir='ltr'><strong>monumenta</strong></span> <span class='ocrx_word' id='word_1_289' title='bbox 1493 3379 1528 3443; x_wconf 89' lang='lat' dir='ltr'><strong>et</strong></span> <span class='ocrx_word' id='word_1_290' title='bbox 1538 3373 1668 3466; x_wconf 88' lang='lat' dir='ltr'><strong>templa</strong></span> <span class='ocrx_word' id='word_1_291' title='bbox 1680 3397 1799 3466; x_wconf 88' lang='lat' dir='ltr'><strong>aspec-</strong></span> 
     </span>
     <span class='ocr_line' id='line_1_30' title="bbox 411 3477 1795 3572; baseline 0 -22"><span class='ocrx_word' id='word_1_292' title='bbox 411 3528 414 3532; x_wconf 91' lang='lat'>-</span> <span class='ocrx_word' id='word_1_293' title='bbox 470 3489 525 3550; x_wconf 91' lang='lat' dir='ltr'><strong>tus</strong></span> <span class='ocrx_word' id='word_1_294' title='bbox 548 3483 617 3550; x_wconf 84' lang='lat' dir='ltr'><strong>late</strong></span> <span class='ocrx_word' id='word_1_295' title='bbox 640 3486 735 3572; x_wconf 88' lang='lat' dir='ltr'><strong>patet</strong></span> <span class='ocrx_word' id='word_1_296' title='bbox 759 3479 884 3549; x_wconf 86' lang='lat' dir='ltr'><strong>Paulus</strong></span> <span class='ocrx_word' id='word_1_297' title='bbox 909 3478 1001 3547; x_wconf 87' lang='lat' dir='ltr'><strong>hanc</strong></span> <span class='ocrx_word' id='word_1_298' title='bbox 1025 3477 1174 3569; x_wconf 89' lang='lat' dir='ltr'><strong>primam</strong></span> <span class='ocrx_word' id='word_1_299' title='bbox 1200 3478 1527 3549; x_wconf 85' lang='lat' dir='ltr'><strong>demonstrationem</strong></span> <span class='ocrx_word' id='word_1_300' title='bbox 1553 3481 1795 3566; x_wconf 88' lang='lat' dir='ltr'><strong>christianam,</strong></span> 
     </span>
     <span class='ocr_line' id='line_1_31' title="bbox 470 3584 1799 3678; baseline 0 -22"><span class='ocrx_word' id='word_1_301' title='bbox 470 3588 621 3678; x_wconf 89' lang='lat' dir='ltr'><strong>primam</strong></span> <span class='ocrx_word' id='word_1_302' title='bbox 637 3587 728 3655; x_wconf 91' lang='lat' dir='ltr'><strong>hanc</strong></span> <span class='ocrx_word' id='word_1_303' title='bbox 740 3585 938 3677; x_wconf 80' lang='lat' dir='ltr'><strong>apologiam</strong></span> <span class='ocrx_word' id='word_1_304' title='bbox 951 3605 1068 3653; x_wconf 84' lang='lat' dir='ltr'><strong>coram</strong></span> <span class='ocrx_word' id='word_1_305' title='bbox 1083 3584 1273 3673; x_wconf 79' lang='lat' dir='ltr'><strong>gentilibus</strong></span> <span class='ocrx_word' id='word_1_306' title='bbox 1290 3586 1545 3676; x_wconf 86' lang='lat' dir='ltr'><strong>pronuntiavit,</strong></span> <span class='ocrx_word' id='word_1_307' title='bbox 1561 3608 1669 3677; x_wconf 88' lang='lat' dir='ltr'><strong>quam</strong></span> <span class='ocrx_word' id='word_1_308' title='bbox 1683 3595 1799 3656; x_wconf 90' lang='lat' dir='ltr'><strong>tamen</strong></span> 
     </span>
     <span class='ocr_line' id='line_1_32' title="bbox 471 3690 1800 3787; baseline 0 -25"><span class='ocrx_word' id='word_1_309' title='bbox 471 3696 576 3787; x_wconf 90' lang='lat' dir='ltr'><strong>plene</strong></span> <span class='ocrx_word' id='word_1_310' title='bbox 590 3694 753 3763; x_wconf 84' lang='lat' dir='ltr'><strong>adfinem</strong></span> <span class='ocrx_word' id='word_1_311' title='bbox 768 3690 957 3783; x_wconf 87' lang='lat' dir='ltr'><strong>perducere</strong></span> <span class='ocrx_word' id='word_1_312' title='bbox 976 3712 1048 3759; x_wconf 92' lang='lat' dir='ltr'><strong>non</strong></span> <span class='ocrx_word' id='word_1_313' title='bbox 1062 3691 1193 3782; x_wconf 90' lang='lat' dir='ltr'><strong>potuit,</strong></span> <span class='ocrx_word' id='word_1_314' title='bbox 1210 3692 1260 3759; x_wconf 81' lang='lat' dir='ltr'><strong>uti</strong></span> <span class='ocrx_word' id='word_1_315' title='bbox 1280 3713 1321 3759; x_wconf 85' lang='lat' dir='ltr'><strong>ex</strong></span> <span class='ocrx_word' id='word_1_316' title='bbox 1338 3714 1371 3761; x_wconf 81' lang='lat' dir='ltr'><strong>u.</strong></span> <span class='ocrx_word' id='word_1_317' title='bbox 1389 3699 1431 3760; x_wconf 75' lang='lat'><strong>32</strong></span> <span class='ocrx_word' id='word_1_318' title='bbox 1454 3698 1567 3785; x_wconf 89' lang='lat' dir='ltr'><strong>patet;</strong></span> <span class='ocrx_word' id='word_1_319' title='bbox 1587 3715 1620 3763; x_wconf 85' lang='lat' dir='ltr'><strong>v.</strong></span> <span class='ocrx_word' id='word_1_320' title='bbox 1642 3699 1686 3761; x_wconf 58' lang='grc' dir='ltr'><strong>Ἠ</strong></span> <span class='ocrx_word' id='word_1_321' title='bbox 1705 3708 1800 3763; x_wconf 82' lang='lat' dir='ltr'><strong>stans</strong></span> 
     </span>
     <span class='ocr_line' id='line_1_33' title="bbox 470 3796 1800 3889; baseline -0.001 -19"><span class='ocrx_word' id='word_1_322' title='bbox 470 3813 584 3870; x_wconf 84' lang='lat' dir='ltr'><strong>autem</strong></span> <span class='ocrx_word' id='word_1_323' title='bbox 609 3799 742 3870; x_wconf 82' lang='lat' dir='ltr'><strong>Paulus</strong></span> <span class='ocrx_word' id='word_1_324' title='bbox 762 3799 800 3866; x_wconf 88' lang='lat' dir='ltr'><strong>in</strong></span> <span class='ocrx_word' id='word_1_325' title='bbox 816 3796 931 3867; x_wconf 82' lang='lat' dir='ltr'><strong>medio</strong></span> <span class='ocrx_word' id='word_1_326' title='bbox 953 3797 1135 3889; x_wconf 58' lang='lat' dir='ltr'><strong>creonam,</strong></span> <span class='ocrx_word' id='word_1_327' title='bbox 1159 3818 1229 3866; x_wconf 92' lang='lat' dir='ltr'><strong>uon</strong></span> <span class='ocrx_word' id='word_1_328' title='bbox 1255 3797 1383 3867; x_wconf 88' lang='lat' dir='ltr'><strong>dieitur</strong></span> <span class='ocrx_word' id='word_1_329' title='bbox 1403 3801 1528 3889; x_wconf 70' lang='grc' dir='ltr'>Ἀριιος</span> <span class='ocrx_word' id='word_1_330' title='bbox 1550 3806 1649 3888; x_wconf 72' lang='grc' dir='ltr'>πάγος</span> <span class='ocrx_word' id='word_1_331' title='bbox 1667 3800 1734 3868; x_wconf 90' lang='lat' dir='ltr'><strong>nisi</strong></span> <span class='ocrx_word' id='word_1_332' title='bbox 1757 3800 1800 3869; x_wconf 92' lang='lat' dir='ltr'><strong>de</strong></span> 
     </span>
     <span class='ocr_line' id='line_1_34' title="bbox 470 3903 1800 3997; baseline 0 -22"><span class='ocrx_word' id='word_1_333' title='bbox 470 3908 547 3975; x_wconf 92' lang='lat' dir='ltr'><strong>loco</strong></span> <span class='ocrx_word' id='word_1_334' title='bbox 567 3906 667 3996; x_wconf 73' lang='lat' dir='ltr'><strong>(BL),</strong></span> <span class='ocrx_word' id='word_1_335' title='bbox 684 3903 736 3973; x_wconf 86' lang='lat' dir='ltr'><strong>uit</strong></span> <span class='ocrx_word' id='word_1_336' title='bbox 748 3926 763 3973; x_wconf 92' lang='lat'><strong>.·</strong></span> <span class='ocrx_word' id='word_1_337' title='bbox 777 3903 846 3972; x_wconf 80' lang='lat' dir='ltr'><strong>ciri</strong></span> <span class='ocrx_word' id='word_1_338' title='bbox 858 3904 1092 3986; x_wconf 78' lang='lat' dir='ltr'><strong>Athenienses,</strong></span> <span class='ocrx_word' id='word_1_339' title='bbox 1102 3925 1169 3997; x_wconf 79' lang='lat' dir='ltr'><strong>per</strong></span> <span class='ocrx_word' id='word_1_340' title='bbox 1182 3903 1300 3973; x_wconf 85' lang='lat' dir='ltr'><strong>omnin</strong></span> <span class='ocrx_word' id='word_1_341' title='bbox 1311 3904 1416 3995; x_wconf 77' lang='lat' dir='ltr'><strong>qumi</strong></span> <span class='ocrx_word' id='word_1_342' title='bbox 1425 3904 1731 3996; x_wconf 77' lang='lat' dir='ltr'><strong>superstitiosiores</strong></span> <span class='ocrx_word' id='word_1_343' title='bbox 1742 3930 1800 3976; x_wconf 84' lang='lat' dir='ltr'><strong>eos</strong></span> 
     </span>
     <span class='ocr_line' id='line_1_35' title="bbox 471 4008 1798 4100; baseline -0.002 -19"><span class='ocrx_word' id='word_1_344' title='bbox 471 4012 569 4081; x_wconf 87' lang='lat' dir='ltr'><strong>viden</strong></span> <span class='ocrx_word' id='word_1_345' title='bbox 588 4020 631 4094; x_wconf 81' lang='grc' dir='ltr'><strong>ὡς</strong></span> <span class='ocrx_word' id='word_1_346' title='bbox 646 4018 982 4099; x_wconf 70' lang='grc' dir='ltr'><strong>διισιδαιμενεστίρους,</strong></span> <span class='ocrx_word' id='word_1_347' title='bbox 1001 4031 1091 4100; x_wconf 90' lang='lat' dir='ltr'><strong>quae</strong></span> <span class='ocrx_word' id='word_1_348' title='bbox 1105 4032 1171 4078; x_wconf 79' lang='lat' dir='ltr'><strong>uox</strong></span> <span class='ocrx_word' id='word_1_349' title='bbox 1187 4008 1226 4078; x_wconf 93' lang='lat' dir='ltr'><strong>iu</strong></span> <span class='ocrx_word' id='word_1_350' title='bbox 1239 4008 1346 4079; x_wconf 87' lang='lat' dir='ltr'><strong>latine</strong></span> <span class='ocrx_word' id='word_1_351' title='bbox 1368 4010 1524 4080; x_wconf 77' lang='lat' dir='ltr'><strong>versione</strong></span> <span class='ocrx_word' id='word_1_352' title='bbox 1542 4033 1613 4080; x_wconf 91' lang='lat' dir='ltr'><strong>non</strong></span> <span class='ocrx_word' id='word_1_353' title='bbox 1625 4017 1676 4081; x_wconf 91' lang='lat' dir='ltr'><strong>est</strong></span> <span class='ocrx_word' id='word_1_354' title='bbox 1691 4013 1798 4082; x_wconf 81' lang='lat' dir='ltr'><strong>felici-</strong></span> 
     </span>
     <span class='ocr_line' id='line_1_36' title="bbox 471 4114 1795 4209; baseline 0.001 -21"><span class='ocrx_word' id='word_1_355' title='bbox 471 4129 525 4188; x_wconf 90' lang='lat' dir='ltr'><strong>ter</strong></span> <span class='ocrx_word' id='word_1_356' title='bbox 539 4117 674 4187; x_wconf 89' lang='lat' dir='ltr'><strong>reddita</strong></span> <span class='ocrx_word' id='word_1_357' title='bbox 684 4140 692 4201; x_wconf 92' lang='lat'>;</span> <span class='ocrx_word' id='word_1_358' title='bbox 703 4138 773 4184; x_wconf 91' lang='lat' dir='ltr'><strong>non</strong></span> <span class='ocrx_word' id='word_1_359' title='bbox 784 4116 880 4184; x_wconf 88' lang='lat' dir='ltr'><strong>enim</strong></span> <span class='ocrx_word' id='word_1_360' title='bbox 887 4114 975 4184; x_wconf 88' lang='lat' dir='ltr'><strong>dura</strong></span> <span class='ocrx_word' id='word_1_361' title='bbox 984 4114 1046 4183; x_wconf 90' lang='lat' dir='ltr'><strong>illa</strong></span> <span class='ocrx_word' id='word_1_362' title='bbox 1055 4117 1269 4207; x_wconf 83' lang='lat' dir='ltr'><strong>expressione</strong></span> <span class='ocrx_word' id='word_1_363' title='bbox 1278 4116 1528 4209; x_wconf 86' lang='lat' dir='ltr'><strong>superstitionis</strong></span> <span class='ocrx_word' id='word_1_364' title='bbox 1539 4117 1649 4187; x_wconf 90' lang='lat' dir='ltr'><strong>utitur</strong></span> <span class='ocrx_word' id='word_1_365' title='bbox 1659 4118 1795 4203; x_wconf 86' lang='lat' dir='ltr'><strong>Paulus,</strong></span> 
     </span>
     <span class='ocr_line' id='line_1_37' title="bbox 472 4220 1794 4314; baseline 0.001 -20"><span class='ocrx_word' id='word_1_366' title='bbox 472 4226 533 4294; x_wconf 90' lang='lat' dir='ltr'><strong>sed</strong></span> <span class='ocrx_word' id='word_1_367' title='bbox 551 4225 653 4294; x_wconf 87' lang='lat' dir='ltr'><strong>ellert</strong></span> <span class='ocrx_word' id='word_1_368' title='bbox 671 4245 778 4314; x_wconf 86' lang='lat' dir='ltr'><strong>quum</strong></span> <span class='ocrx_word' id='word_1_369' title='bbox 793 4220 936 4292; x_wconf 88' lang='lat' dir='ltr'><strong>studiosi</strong></span> <span class='ocrx_word' id='word_1_370' title='bbox 954 4221 1023 4290; x_wconf 87' lang='lat' dir='ltr'><strong>sint</strong></span> <span class='ocrx_word' id='word_1_371' title='bbox 1045 4221 1180 4291; x_wconf 91' lang='lat' dir='ltr'><strong>colendi</strong></span> <span class='ocrx_word' id='word_1_372' title='bbox 1204 4228 1239 4292; x_wconf 89' lang='lat' dir='ltr'><strong>et</strong></span> <span class='ocrx_word' id='word_1_373' title='bbox 1261 4222 1439 4293; x_wconf 89' lang='lat' dir='ltr'><strong>reverendi</strong></span> <span class='ocrx_word' id='word_1_374' title='bbox 1459 4224 1622 4311; x_wconf 86' lang='lat' dir='ltr'><strong>numina,</strong></span> <span class='ocrx_word' id='word_1_375' title='bbox 1642 4232 1794 4311; x_wconf 68' lang='grc' dir='ltr'><strong>δαιμὲνιας</strong></span> 
     </span>
     <span class='ocr_line' id='line_1_38' title="bbox 474 4327 1804 4421; baseline -0.004 -17"><span class='ocrx_word' id='word_1_376' title='bbox 474 4333 553 4404; x_wconf 79' lang='lat' dir='ltr'><strong>Chr.</strong></span> <span class='ocrx_word' id='word_1_377' title='bbox 569 4330 720 4421; x_wconf 80' lang='lat' dir='ltr'><strong>explieat</strong></span> <span class='ocrx_word' id='word_1_378' title='bbox 734 4335 968 4418; x_wconf 68' lang='grc' dir='ltr'><strong>εὗλαέεστέρευς</strong></span> <span class='ocrx_word' id='word_1_379' title='bbox 987 4327 1082 4397; x_wconf 81' lang='lat' dir='ltr'><strong>eluit</strong></span> <span class='ocrx_word' id='word_1_380' title='bbox 1102 4347 1111 4400; x_wconf 88' lang='lat'>:</span> <span class='ocrx_word' id='word_1_381' title='bbox 1138 4333 1236 4419; x_wconf 74' lang='grc' dir='ltr'>ὥσπερ</span> <span class='ocrx_word' id='word_1_382' title='bbox 1255 4337 1446 4418; x_wconf 68' lang='grc' dir='ltr'><strong>ἐγκωμιάζων</strong></span> <span class='ocrx_word' id='word_1_383' title='bbox 1471 4335 1579 4413; x_wconf 69' lang='grc' dir='ltr'>αὐτοὺς</span> <span class='ocrx_word' id='word_1_384' title='bbox 1606 4338 1690 4400; x_wconf 66' lang='lat' dir='ltr'><strong>isael</strong></span> <span class='ocrx_word' id='word_1_385' title='bbox 1712 4336 1804 4401; x_wconf 62' lang='lat' dir='ltr'><strong>atses</strong></span> 
     </span>
     <span class='ocr_line' id='line_1_39' title="bbox 470 4433 1798 4527; baseline -0.001 -20"><span class='ocrx_word' id='word_1_386' title='bbox 470 4447 570 4527; x_wconf 70' lang='grc' dir='ltr'><strong>λέγειν</strong></span> <span class='ocrx_word' id='word_1_387' title='bbox 589 4446 679 4527; x_wconf 78' lang='grc' dir='ltr'><strong>βαρύ.</strong></span> <span class='ocrx_word' id='word_1_388' title='bbox 700 4441 786 4506; x_wconf 87' lang='lat' dir='ltr'><strong>Nam</strong></span> <span class='ocrx_word' id='word_1_389' title='bbox 803 4456 906 4504; x_wconf 90' lang='lat' dir='ltr'><strong>omne</strong></span> <span class='ocrx_word' id='word_1_390' title='bbox 919 4456 1052 4504; x_wconf 90' lang='lat' dir='ltr'><strong>numen</strong></span> <span class='ocrx_word' id='word_1_391' title='bbox 1073 4433 1224 4504; x_wconf 86' lang='lat' dir='ltr'><strong>revereri</strong></span> <span class='ocrx_word' id='word_1_392' title='bbox 1242 4435 1310 4503; x_wconf 88' lang='lat' dir='ltr'><strong>illis</strong></span> <span class='ocrx_word' id='word_1_393' title='bbox 1328 4436 1377 4504; x_wconf 86' lang='lat' dir='ltr'><strong>ita</strong></span> <span class='ocrx_word' id='word_1_394' title='bbox 1393 4433 1491 4503; x_wconf 89' lang='lat' dir='ltr'><strong>cordi</strong></span> <span class='ocrx_word' id='word_1_395' title='bbox 1509 4441 1601 4519; x_wconf 84' lang='lat' dir='ltr'><strong>erat,</strong></span> <span class='ocrx_word' id='word_1_396' title='bbox 1617 4442 1656 4505; x_wconf 90' lang='lat' dir='ltr'><strong>ut</strong></span> <span class='ocrx_word' id='word_1_397' title='bbox 1677 4436 1798 4526; x_wconf 78' lang='lat' dir='ltr'><strong>ignoto</strong></span> 
     </span>
     <span class='ocr_line' id='line_1_40' title="bbox 469 4540 1797 4635; baseline -0.001 -23"><span class='ocrx_word' id='word_1_398' title='bbox 469 4565 608 4635; x_wconf 90' lang='lat' dir='ltr'><strong>quoque</strong></span> <span class='ocrx_word' id='word_1_399' title='bbox 629 4543 696 4611; x_wconf 88' lang='lat' dir='ltr'><strong>deo</strong></span> <span class='ocrx_word' id='word_1_400' title='bbox 718 4564 815 4612; x_wconf 89' lang='lat' dir='ltr'><strong>aram</strong></span> <span class='ocrx_word' id='word_1_401' title='bbox 833 4547 1090 4624; x_wconf 88' lang='lat' dir='ltr'><strong>consecrarent,</strong></span> <span class='ocrx_word' id='word_1_402' title='bbox 1109 4564 1142 4611; x_wconf 87' lang='lat' dir='ltr'><strong>v.</strong></span> <span class='ocrx_word' id='word_1_403' title='bbox 1165 4548 1208 4611; x_wconf 78' lang='lat'><strong>23</strong></span> <span class='ocrx_word' id='word_1_404' title='bbox 1227 4540 1438 4633; x_wconf 81' lang='lat' dir='ltr'><strong>praeteriens</strong></span> <span class='ocrx_word' id='word_1_405' title='bbox 1458 4541 1601 4611; x_wconf 83' lang='lat' dir='ltr'><strong>enimet</strong></span> <span class='ocrx_word' id='word_1_406' title='bbox 1617 4543 1797 4613; x_wconf 86' lang='lat' dir='ltr'><strong>uidenssi·</strong></span> 
     </span>
     <span class='ocr_line' id='line_1_41' title="bbox 468 4648 1798 4742; baseline 0.001 -24"><span class='ocrx_word' id='word_1_407' title='bbox 468 4649 627 4718; x_wconf 82' lang='lat' dir='ltr'><strong>mulaera</strong></span> <span class='ocrx_word' id='word_1_408' title='bbox 645 4662 758 4718; x_wconf 81' lang='lat' dir='ltr'><strong>vestra</strong></span> <span class='ocrx_word' id='word_1_409' title='bbox 779 4650 898 4718; x_wconf 84' lang='lat' dir='ltr'><strong>inueni</strong></span> <span class='ocrx_word' id='word_1_410' title='bbox 917 4661 950 4718; x_wconf 88' lang='lat' dir='ltr'><strong>et</strong></span> <span class='ocrx_word' id='word_1_411' title='bbox 968 4671 1085 4733; x_wconf 79' lang='lat' dir='ltr'><strong>arans,</strong></span> <span class='ocrx_word' id='word_1_412' title='bbox 1113 4648 1152 4717; x_wconf 89' lang='lat' dir='ltr'><strong>in</strong></span> <span class='ocrx_word' id='word_1_413' title='bbox 1166 4671 1236 4741; x_wconf 82' lang='lat' dir='ltr'><strong>qua</strong></span> <span class='ocrx_word' id='word_1_414' title='bbox 1254 4649 1419 4742; x_wconf 83' lang='lat' dir='ltr'><strong>scriptum</strong></span> <span class='ocrx_word' id='word_1_415' title='bbox 1435 4663 1511 4719; x_wconf 84' lang='lat' dir='ltr'><strong>erat</strong></span> <span class='ocrx_word' id='word_1_416' title='bbox 1538 4670 1553 4717; x_wconf 92' lang='grc'><strong>.·</strong></span> <span class='ocrx_word' id='word_1_417' title='bbox 1571 4651 1688 4740; x_wconf 76' lang='lat' dir='ltr'><strong>ipnoto</strong></span> <span class='ocrx_word' id='word_1_418' title='bbox 1706 4655 1777 4720; x_wconf 85' lang='lat' dir='ltr'><strong>Deo</strong></span> <span class='ocrx_word' id='word_1_419' title='bbox 1782 4672 1798 4739; x_wconf 86' lang='lat'><em>;</em></span> 
     </span>
     <span class='ocr_line' id='line_1_42' title="bbox 470 4754 1796 4848; baseline 0.008 -30"><span class='ocrx_word' id='word_1_420' title='bbox 470 4784 487 4819; x_wconf 80' lang='lat' dir='ltr'><strong>n</strong></span> <span class='ocrx_word' id='word_1_421' title='bbox 505 4756 585 4825; x_wconf 90' lang='lat' dir='ltr'><strong>inde</strong></span> <span class='ocrx_word' id='word_1_422' title='bbox 601 4757 875 4847; x_wconf 90' lang='lat' dir='ltr'><strong>pulcherrimum</strong></span> <span class='ocrx_word' id='word_1_423' title='bbox 890 4756 996 4825; x_wconf 72' lang='lat' dir='ltr'><strong>satuit</strong></span> <span class='ocrx_word' id='word_1_424' title='bbox 1009 4754 1166 4843; x_wconf 85' lang='lat' dir='ltr'><strong>initium,</strong></span> <span class='ocrx_word' id='word_1_425' title='bbox 1187 4756 1281 4847; x_wconf 90' lang='lat' dir='ltr'><strong>quod</strong></span> <span class='ocrx_word' id='word_1_426' title='bbox 1301 4756 1467 4847; x_wconf 91' lang='lat' dir='ltr'><strong>scriptum</strong></span> <span class='ocrx_word' id='word_1_427' title='bbox 1488 4755 1620 4848; x_wconf 91' lang='lat' dir='ltr'><strong>reperit</strong></span> <span class='ocrx_word' id='word_1_428' title='bbox 1643 4779 1652 4828; x_wconf 77' lang='grc' dir='ltr'><em>τ</em></span> <span class='ocrx_word' id='word_1_429' title='bbox 1676 4758 1796 4847; x_wconf 80' lang='lat' dir='ltr'><strong>ignoto</strong></span> 
     </span>
    </p>
   </div>
   <div class='ocr_carea' id='block_1_5' title="bbox 0 0 2010 5474">
    <p class='ocr_par' dir='ltr' id='par_1_7' title="bbox 0 0 2010 5474">
     <span class='ocr_line' id='line_1_43' title="bbox 0 0 2010 5474; baseline 0 1"><span class='ocrx_word' id='word_1_430' title='bbox 0 0 2010 5474; x_wconf 95' lang='lat' dir='ltr'><strong> </strong></span> 
     </span>
    </p>
   </div>
  </div>
 </body>
</html>
