4054 5442
969 316 1037 361 aer.
1060 299 1226 373 383931.
1705 302 1763 361 133

434 445 582 527 dixerat,
596 446 639 513 iis
651 447 713 535 qui
725 447 948 517 erediderunt
958 472 999 517 ea
1013 448 1245 539 probantibus
1262 455 1295 516 et
1309 446 1588 530 defendentibus
1608 447 1685 515 aliis
1704 449 1764 536 qui

434 558 652 620 contumaces
666 576 702 621 se
723 554 940 644 praebebant
960 554 1086 623 acriter
1097 554 1427 637 contradicentibus,
1444 553 1569 643 quibus
1588 553 1662 620 scil.
1681 574 1764 620 crux
1785 596 1788 601 -

433 662 506 726 lesu
521 663 556 726 et
575 680 667 727 mors
681 660 845 729 scandalo
858 667 932 730 erat
951 666 985 728 et
1007 659 1067 749 qui
1080 667 1201 747 gentes
1215 683 1354 751 quoque
1369 681 1477 750 aequo
1490 659 1597 726 modo
1611 681 1691 727 cum
1708 663 1762 725 lu-

439 765 533 832 daeis
545 764 665 834 haberi
676 789 749 835 non
767 772 928 858 poterant
941 767 1043 833 terre.

483 968 660 1038 Concludit
674 976 780 1039 Lucas
797 971 1036 1039 narrationem
1062 971 1215 1039 reterens
1229 970 1426 1037 summatim
1448 970 1621 1060 quomodo
1636 968 1761 1035 Paulus

436 1079 508 1142 toto
526 1075 586 1142 illo
605 1075 745 1145 biennio
762 1076 938 1164 evangelii
954 1077 1200 1168 propagationi
1214 1098 1356 1166 operam
1375 1076 1456 1143 dare
1471 1076 1630 1165 potuerit.
1647 1074 1699 1142 Uti
1716 1074 1759 1141 de

436 1179 578 1249 biennio
598 1182 713 1272 priore
730 1182 934 1261 caesariensi
947 1182 1162 1273 paucissimis
1178 1182 1297 1249 rotulit
1311 1188 1428 1265 3336,
1445 1183 1494 1249 ita
1511 1180 1554 1248 de
1572 1181 1636 1248 hoc
1653 1181 1761 1248 altero

432 1308 578 1355 romano
594 1310 627 1356 v.
644 1295 687 1356 30
701 1288 831 1355 mansit
842 1299 961 1357 autem
980 1290 1115 1356 timasio
1139 1289 1255 1356 totoia
1272 1311 1333 1356 suo
1353 1286 1517 1356 conducto
1529 1295 1559 1356 ὲν
1576 1291 1638 1377 ἰδίῳ
1654 1290 1763 1372 μισθώ-

438 1422 508 1474 ματι
524 1394 559 1458 iu
585 1392 726 1484 proprio
752 1394 902 1485 hospitio
919 1394 1014 1486 quod
1036 1393 1104 1463 sihi
1126 1396 1350 1473 conduxerat,
1365 1395 1401 1461 in
1431 1394 1534 1462 domo
1551 1414 1656 1483 quam
1675 1414 1761 1460 con-

433 1496 596 1582 duxerat3
613 1499 755 1570 fortasse
779 1501 836 1569 hio
857 1524 995 1591 quoque
1014 1501 1133 1569 labore
1148 1524 1209 1569 suo
1232 1500 1298 1567 sibi
1319 1503 1506 1569 necessaria
1520 1500 1647 1591 partim
1670 1521 1760 1566 com·

433 1604 596 1693 parabat;
610 1611 761 1676 cetorum
775 1606 928 1674 subsidia
940 1631 962 1675 a
978 1607 1256 1699 Philippensibus
1278 1607 1409 1697 accepit
1424 1605 1524 1697 (Phil.
1548 1605 1703 1695 atu-17)
1729 1617 1761 1671 et

432 1710 648 1801 suscipiebat
659 1726 775 1781 omues
793 1713 857 1805 qui
878 1711 1165 1804 inpaediebaatur
1176 1712 1224 1780 ael
1243 1736 1321 1781 eum
1336 1720 1369 1782 et
1387 1720 1423 1780 ut
1442 1716 1475 1779 iu
1492 1712 1600 1780 altera
1611 1710 1759 1779 lectione

435 1816 579 1885 additur
606 1824 674 1887 :et
703 1817 904 1910 disputabat
930 1842 1010 1888 cum
1037 1819 1171 1888 ludaeis
1192 1827 1227 1888 et
1250 1820 1399 1903 Graccis,
1426 1842 1457 1885 r.
1485 1825 1525 1887 31
1552 1817 1761 1909 praedicans·

432 1943 585 2011 requam
602 1923 668 1991 Dei
683 1936 716 1992 et
736 1924 861 1994 doeens
880 1947 970 2016 quoe
988 1938 1070 1993 suat
1091 1925 1133 1994 de
1152 1926 1299 1993 Domino
1326 1928 1401 1994 Iesu
1418 1925 1551 1995 Christo
1571 1947 1650 1992 cum
1669 1923 1763 1991 ouini

433 2026 583 2115 fideicio,
606 2052 685 2098 oum
706 2034 801 2098 omni
817 2032 993 2116 libertate,
1009 2033 1085 2101 siae
1094 2031 1339 2122 prohibitione,
1361 2034 1408 2100 uti
1431 2031 1502 2121 ipse
1521 2053 1658 2121 quoque
1677 2053 1762 2120 apo·

434 2134 542 2201 stolus
563 2142 707 2205 testatur
721 2137 810 2205 Phil.
831 2144 910 2220 1,1a
925 2160 997 2228 seq.
1020 2144 1113 2223 333.
1137 2144 1296 2206 llutatam
1318 2148 1430 2206 autem
1446 2143 1562 2226 postea
1577 2158 1649 2204 esse
1664 2134 1761 2203 Pauli

432 2239 670 2309 conditionem
684 2243 841 2333 sequitur
852 2266 893 2312 er
908 2266 980 2311 aor.
997 2254 1164 2329 ἐνέμεινεν,
1180 2246 1223 2312 cf.
1241 2251 1339 2328 18,11
1357 2252 1488 2313 ἐκάθισεν
1504 2243 1603 2333 (ul.);
1625 2247 1763 2333 aposto·

432 2347 510 2414 lum
526 2350 618 2415 enim
633 2371 704 2416 esse
719 2350 924 2432 liberatum,
940 2350 1011 2418 iam
1034 2351 1196 2419 concludi
1211 2351 1314 2418 debet
1328 2374 1368 2418 ex
1382 2351 1577 2417 narratione
1601 2348 1645 2417 de
1665 2353 1759 2416 Festo

431 2453 574 2542 eiusque
595 2453 639 2521 de
663 2455 767 2524 Paulo
789 2457 903 2543 elogio
923 2457 1057 2546 (25353
1081 2457 1212 2543 aaut),
1239 2480 1277 2524 ex
1302 2479 1427 2544 uragna
1446 2457 1508 2523 illa
1526 2455 1761 2522 aestimatione

434 2560 596 2649 quamde
613 2583 653 2628 eo
668 2561 774 2628 lulius
787 2562 943 2629 centurio
958 2562 1127 2642 habebat,
1145 2585 1186 2630 ex
1203 2563 1370 2649 singulari
1390 2562 1622 2649 indulgentia,
1642 2583 1711 2651 qua
1730 2562 1762 2627 ci

432 2666 701 2753 permittebatur
715 2667 751 2734 io
766 2667 871 2735 domo
886 2691 907 2736 a
925 2691 961 2736 se
985 2669 1154 2737 conducta
1169 2690 1308 2736 manere
1322 2677 1354 2735 et
1376 2668 1481 2734 libere
1499 2690 1576 2735 oum
1601 2666 1762 2734 omnibus

432 2773 629 2839 conversari
660 2772 788 2861 (natu.
816 2782 870 2842 30.
895 2777 962 2860 31).
989 2779 1092 2865 Spem
1119 2774 1332 2843 liberationis
1359 2776 1429 2864 ipse
1451 2797 1586 2863 quoquo
1606 2772 1764 2841 enuntiat

434 2877 526 2944 Phil.
543 2883 693 2960 las-am
714 2885 794 2959 333
809 2879 947 2948 confido
966 2887 1082 2948 autem
1103 2883 1137 2948 in
1149 2881 1294 2949 Domino
1310 2882 1473 2971 quoniam
1489 2881 1609 2970 etipse
1625 2879 1760 2946 veniam

433 2984 478 3049 ad
501 3006 563 3050 vos
582 2986 664 3066 cito;
686 2984 771 3053 item
795 2984 940 3054 Philem.
958 2993 1001 3053 33
1023 3007 1031 3054 :
1056 3008 1142 3075 para
1163 2986 1249 3053 mihi
1264 2987 1467 3077 hospitium3
1486 3009 1565 3052 nam
1584 3007 1684 3075 spero
1698 3007 1761 3075 por

435 3089 607 3157 orationes
620 3097 751 3159 vestras
760 3090 885 3159 donari
900 3114 954 3160 me
973 3091 1084 3159 vobis.
1103 3091 1196 3159 ldem
1213 3093 1398 3160 certissime
1412 3094 1567 3183 sequitur
1586 3115 1625 3158 ox
1639 3091 1762 3182 episto·

435 3194 476 3261 lis
499 3196 747 3284 pastoralibus,
765 3196 893 3287 quibus
915 3220 956 3265 ea
973 3197 1016 3265 dc
1038 3198 1144 3265 Paulo
1169 3198 1310 3288 eiusque
1332 3198 1508 3266 laboribus
1526 3207 1558 3264 et
1580 3197 1762 3265 itineribus

434 3308 632 3383 narrantur,
657 3325 746 3393 quac
771 3311 851 3371 aute
868 3303 1023 3394 priorem
1049 3303 1283 3393 captivitatem
1304 3327 1480 3371 romanum
1499 3305 1611 3371 locum
1632 3304 1760 3369 luitura

433 3406 632 3475 nullatcnus
653 3417 795 3497 possunt
813 3409 872 3498 (cl.
898 3409 984 3478 llels.
1006 3433 1042 3501 p.
1074 3415 1137 3475 163
1164 3432 1235 3501 seq.
1261 3412 1424 3499 Coi-uely,
1443 3409 1568 3476 lutrod.
1594 3414 1634 3477 lll
1659 3410 1756 3478 ted.

435 3536 469 3601 p.
489 3519 553 3580 373
568 3536 641 3604 seq.
660 3519 737 3581 sut.
754 3523 830 3583 570.
852 3523 929 3584 576.

478 3727 600 3802 Quaeri
614 3733 742 3816 potest,
762 3749 825 3795 cur
838 3750 941 3795 causa
955 3728 1049 3796 Pauli
1066 3729 1198 3796 tamdiu
1209 3729 1317 3795 dilata
1332 3729 1445 3796 suerit.
1462 3730 1560 3795 t'aria
1574 3731 1759 3818 excogitari

435 3837 583 3920 possunt.
603 3837 752 3901 Fortasse
767 3840 982 3902 accusatores
996 3834 1090 3901 Pauli
1113 3836 1307 3902 accersendi
1327 3844 1440 3916 craut;
1462 3837 1515 3902 rol
1533 3836 1593 3925 qui
1609 3859 1687 3903 oum
1701 3860 1759 3904 uc-

434 3944 607 4018 cusaraut,
637 3940 858 4029 postulabant
884 3941 1089 4009 dilationem
1118 3963 1242 4009 causae
1268 3964 1337 4031 quo
1364 3942 1498 4031 plenius
1528 3943 1758 4033 undequaque

434 4043 691 4133 conquirerent,
706 4046 833 4135 quibus
847 4046 995 4114 crimina
1011 4047 1104 4114 Pauli
1119 4047 1317 4138 probarent.
1338 4048 1453 4115 l'alem
1476 4048 1674 4116 dilationem
1696 4073 1759 4139 po-

432 4150 533 4216 tuisse
556 4150 696 4218 concedi
713 4152 758 4219 ad
780 4152 967 4221 criminum
991 4160 1092 4221 testes
1108 4161 1142 4221 et
1168 4153 1379 4226 testimonia.
1401 4154 1562 4221 discimus
1583 4179 1621 4222 ox
1646 4155 1760 4223 'tacito

432 4258 490 4344 qui
509 4257 551 4323 de
566 4256 790 4347 inquisitione
809 4281 926 4327 annua
944 4262 1130 4349 impetrata
1145 4261 1249 4327 refert
1269 4260 1402 4347 (ilunal.
1425 4267 1550 4348 13,t:l;.
1573 4266 1656 4327 Cum
1673 4267 1759 4329 Pau·

432 4361 485 4429 lus
496 4362 530 4428 iu
547 4363 672 4431 dissitis
691 4386 828 4455 quoque
846 4365 1046 4454 regionibus
1061 4366 1121 4434 diu
1141 4372 1292 4434 versatus
1304 4372 1406 4447 esset,
1429 4389 1499 4433 non
1520 4367 1663 4435 (lecrant
1681 4370 1760 4458 qui-

434 4468 497 4533 bus
522 4469 690 4537 eiusmodi
713 4470 900 4561 postulatio
928 4494 1039 4562 aequa
1068 4472 1178 4540 videri
1202 4479 1347 4562 poterat.
1365 4478 1482 4551 baem
1509 4473 1648 4540 ritodum
1674 4478 1760 4541 Nero

433 4574 530 4665 sequi
544 4573 663 4642 solitus
679 4576 738 4660 sit,
760 4577 809 4645 ita
830 4586 949 4646 narrat
974 4580 1157 4646 Suetonius
1179 4598 1186 4646 :
1207 4578 1435 4667 cognoscendi
1455 4601 1585 4646 morem
1604 4602 1684 4647 cum
1707 4589 1759 4647 te·

434 4682 524 4763 uuit,
550 4688 588 4749 ut
606 4684 777 4751 continuis
801 4684 998 4754 actionibus
1025 4685 1174 4768 omissis,
1197 4686 1373 4775 sigillatim
1402 4707 1558 4776 quaeque
1582 4710 1645 4777 por
1670 4686 1759 4754 vices
