4010 5474
996 416 1062 460 acr.
1087 398 1244 472 roae-16.
1721 398 1783 459 329

459 551 695 618 comeantibus
710 547 850 617 Iudaeis
865 546 1043 614 exorcistis
1062 547 1222 615 inuocare
1243 566 1348 637 super
1366 545 1503 635 eosqui
1524 544 1694 619 hebebant
1713 548 1784 638 spi·

458 657 546 726 ritus
573 655 681 725 melos
708 674 833 720 remen
861 652 1003 720 Domini
1026 655 1104 721 Iesu
1130 652 1282 722 dicentes
1307 674 1320 722 :
1347 651 1473 720 adiuro
1499 673 1558 719 cos
1579 655 1784 742 pertesum

460 786 561 854 quem
587 759 716 830 Paulus
735 757 933 848 praedicat,
950 767 990 828 ut
1014 761 1156 846 exeatis,
1176 760 1273 830 addit
1292 761 1371 849 gig;
1394 760 1464 828 iam
1484 764 1640 849 tempore
1659 757 1782 825 Christi

458 867 599 958 quidam
632 864 692 955 qui
720 887 788 933 non
823 873 897 934 erat
928 889 969 935 ex
1001 866 1180 957 discipulis
1216 866 1261 934 ad
1295 870 1370 934 Iesu
1404 865 1555 932 nominis
1594 863 1784 932 invocatio·

347 1052 351 1058 .
458 993 538 1040 nem
560 971 741 1040 daemonia
762 972 922 1041 eiiciebat
942 975 1053 1061 (Marc.
1073 977 1172 1056 9,3'1;
1194 976 1272 1039 Luc.
1294 971 1407 1060 9,t9),
1427 970 1488 1060 qui
1509 976 1627 1037 tamen
1650 974 1725 1037 erat
1743 993 1785 1038 ex

459 1076 678 1146 credentibus
690 1079 728 1146 in
743 1100 834 1146 eum.
851 1083 918 1146 Hos
936 1100 1017 1146 vero
1035 1076 1335 1166 circumvagantes
1352 1097 1481 1143 nomen
1494 1073 1584 1143 illud
1603 1095 1786 1165 usurpasse

459 1206 531 1252 non
549 1183 633 1266 ude,
651 1184 708 1252 sed
728 1206 788 1275 spe
807 1183 911 1265 lucri,
930 1181 1012 1272 quia
1033 1182 1192 1252 viderant
1210 1182 1304 1273 apud
1325 1184 1471 1250 Paulum
1490 1181 1645 1272 aliosque
1667 1181 1788 1250 fideles

459 1290 524 1359 hoc
536 1312 662 1359 nomen
677 1312 748 1357 esse
763 1288 899 1373 efficax,
915 1310 955 1356 ex
970 1290 1045 1380 ipsa
1055 1289 1255 1359 narratione
1269 1289 1369 1358 nobis
1384 1287 1542 1356 innuitur
1562 1287 1659 1378 (Cirr.
1675 1286 1784 1356 Sator.

460 1397 575 1487 Lep).

412 1576 414 1580 ,
503 1501 554 1569 ud
583 1500 751 1568 eiusmodi
781 1499 1001 1571 circulatores
1030 1502 1087 1591 (cf.
1112 1507 1188 1585 a,9;
1221 1503 1313 1591 rac)
1343 1502 1448 1570 etiam
1473 1499 1692 1591 pertinebant
1722 1498 1787 1566 filii

459 1612 582 1675 Sceuae
606 1606 699 1696 (vide
722 1607 867 1676 alteram
888 1608 1083 1698 lectionem)
1111 1631 1144 1676 v.
1172 1612 1213 1676 u
1234 1618 1336 1675 erunt
1357 1618 1474 1674 eutem
1495 1605 1641 1698 quidam
1665 1602 1790 1672 Iudaei

458 1715 584 1783 Sceuae
604 1713 778 1804 principis
800 1713 1033 1800 secerdotum,
1055 1720 1130 1783 erat
1152 1713 1262 1802 igitur
1284 1735 1324 1781 ex
1346 1712 1478 1781 familia
1501 1735 1543 1780 ex
1566 1735 1637 1803 qua
1659 1711 1787 1801 aliquis

458 1820 570 1888 fuerat
591 1819 740 1911 pontifex
757 1821 813 1909 (cf.
836 1842 925 1911 quae
947 1820 1017 1887 dini
1039 1819 1086 1889 ad
1107 1821 1223 1888 ffatth.
1238 1823 1329 1908 a,t);
1352 1824 1507 1887 ceterum
1528 1819 1566 1885 in
1585 1820 1696 1885 altera
1714 1817 1785 1884 lec·

458 1927 549 1993 tione
570 1925 688 2014 (etiam
708 1925 784 2014 gig)
803 1936 946 1994 voratur
964 1926 1077 1995 solum
1098 1925 1273 2009 sacerdos,
1289 1937 1369 2008 τινὸς
1388 1923 1567 1995 cuiusdam
1588 1928 1715 1992 Sceuae
1729 1927 1786 1990 lu-

459 2031 538 2099 daei
559 2042 686 2122 septem
708 2031 794 2118 filii,
812 2033 876 2120 gig
893 2032 962 2100 duo
976 2032 1058 2114 filii;
1081 2032 1117 2100 in
1137 2032 1247 2101 altera
1265 2031 1413 2100 lectione
1431 2031 1490 2098 hio
1504 2031 1621 2099 nullus
1635 2029 1788 2098 habetur

459 2157 637 2219 numerus,
652 2136 715 2226 qui
729 2136 791 2203 tor
806 2136 1003 2224 faciebant;
1016 2138 1088 2205 iam
1101 2136 1327 2225 subiungitur
1342 2157 1463 2204 corum
1480 2157 1577 2203 more
1591 2133 1787 2223 generatim

459 2249 727 2309 commemorato
752 2242 910 2332 specialis
938 2248 1079 2311 eventus
1114 2264 1204 2311 unus
1231 2262 1241 2311 z
1270 2240 1419 2330 ingressi
1446 2241 1492 2310 ed
1520 2240 1787 2309 daemoniacum

460 2348 634 2438 quendam
653 2355 840 2439 coeperunt
858 2348 1021 2419 invocare
1037 2370 1165 2418 nomen
1185 2347 1336 2418 dicentes
1353 2370 1362 2420 ε
1379 2347 1624 2417 denuntiemus
1638 2346 1704 2415 tibi
1724 2366 1789 2438 per

460 2458 570 2521 lesum
593 2476 697 2545 quem
719 2454 845 2523 Paulus
866 2454 1061 2548 praedicat,
1082 2462 1123 2523 ut
1144 2476 1257 2524 excas.
1277 2458 1326 2524 fta
1347 2455 1386 2523 in
1407 2454 1516 2522 altera
1539 2454 1688 2521 lectione
1712 2452 1789 2520 fluit
1917 2454 1920 2462 '

460 2560 622 2627 narratio.
639 2566 677 2628 ln
693 2568 808 2629 nostro
821 2566 914 2630 textu
932 2562 1048 2631 atatim
1066 2560 1269 2649 adiungitur
1284 2560 1331 2629 ad
1343 2559 1407 2650 qui
1419 2559 1481 2628 troc
1499 2557 1678 2649 sariebant
1693 2580 1726 2625 v.
1745 2563 1787 2626 15

460 2665 662 2756 respondens
672 2679 786 2733 aretem
796 2667 940 2758 spiritus
950 2688 1100 2757 nequam
1109 2665 1202 2734 dicit
1212 2665 1262 2734 eis
1273 2668 1406 2734 :Iesum
1418 2662 1787 2734 novietPuulumseio

459 2772 614 2859 agnoscit
632 2771 779 2840 daemon
804 2773 873 2840 vim
897 2795 938 2841 ao
960 2772 1139 2857 virtutem,
1160 2794 1231 2862 qua
1248 2772 1389 2840 nomine
1410 2775 1482 2839 lesu
1502 2792 1524 2839 a
1547 2770 1654 2839 Paulo
1674 2768 1786 2860 pella·

459 2885 532 2959 tur;
556 2901 613 2945 cos
634 2891 749 2945 aretem
773 2880 835 2970 qui
858 2878 961 2947 estis?
985 2879 1237 2947 contemnentis
1259 2884 1295 2946 et
1315 2879 1531 2968 aspernantis
1555 2898 1650 2944 more
1675 2876 1786 2944 inter-

458 2990 575 3071 rogat,
598 2989 632 3051 et
650 2987 757 3074 'quarn
781 3006 905 3075 parum
926 2984 965 3052 in
989 3007 1025 3053 se
1045 2985 1142 3053 inani
1165 2983 1227 3053 illa
1247 2984 1465 3057 invocatione
1492 2989 1526 3051 et
1544 2982 1786 3051 fraudulenter

460 3096 623 3179 usurpata
640 3089 791 3174 valeant,
807 3090 926 3158 statim
944 3089 1157 3158 demonstrat
1175 3112 1209 3159 v.
1228 3096 1269 3157 16
1287 3101 1320 3158 et
1341 3088 1499 3158 insiliens
1517 3089 1554 3157 iu
1570 3110 1627 3157 eos
1646 3088 1748 3155 tomo
1763 3110 1786 3155 a

459 3194 627 3262 daemone
647 3197 814 3284 agitatus,
831 3203 1016 3284 ἐςαλὲμενος
1041 3196 1188 3287 explicat
1210 3194 1289 3265 Chr.
1311 3199 1386 3281 ucri
1406 3205 1503 3285 ῥύμης
1526 3203 1730 3280 ἐπιπηδήσας,
1747 3193 1785 3260 in

460 3323 527 3390 queo
543 3314 614 3368 oret
627 3301 847 3369 daemonium
854 3302 1047 3393 pessimum
1066 3314 1100 3370 et
1112 3299 1311 3369 dominatus
1325 3304 1520 3385 erutorum,
1537 3301 1631 3370 unde
1650 3298 1785 3369 indica·

461 3414 518 3473 tur
539 3429 645 3475 unum
668 3408 802 3476 narrari
825 3415 1004 3491 eventum,
1021 3407 1161 3498 quando
1184 3407 1255 3476 duo
1272 3429 1314 3476 ex
1336 3407 1407 3476 illis
1427 3407 1508 3475 filiis
1527 3408 1564 3476 id
1588 3405 1783 3475 tentabant.

462 3518 576 3603 Neque
591 3513 627 3581 id
642 3515 676 3581 in
691 3520 786 3581 tanta
798 3513 1007 3583 narrationis
1021 3512 1188 3583 brevitate
1202 3512 1380 3582 offensioni
1397 3535 1470 3582 esse
1484 3512 1601 3582 debet.
1619 3512 1786 3581 volebant

462 3618 602 3709 quidem
624 3619 683 3686 alii
702 3623 875 3709 ipprztpuv
898 3621 948 3688 ita
966 3619 1152 3710 explicare,
1169 3625 1207 3688 uf
1226 3641 1420 3709 congruere
1440 3619 1547 3711 possit
1568 3619 1710 3688 eventui
1730 3618 1788 3687 oui

386 3813 391 3824 Ι
462 3731 593 3814 septem
618 3724 680 3791 tilii
703 3725 946 3794 interfuerint:
968 3725 1022 3794 vel
1042 3748 1082 3794 ax
1096 3731 1231 3816 septem
1251 3725 1338 3794 duos
1352 3725 1464 3795 solum
1488 3747 1560 3793 esse
1580 3747 1712 3807 caesos;
1735 3724 1789 3792 vel

464 3830 560 3897 binos
587 3853 691 3899 manu
721 3832 939 3921 prehendens
964 3853 1084 3901 omnes
1111 3837 1244 3924 septem
1268 3832 1459 3923 superavit,
1489 3833 1544 3900 vel
1571 3853 1612 3900 ex
1643 3837 1790 3921 utraque

463 3942 559 4026 parte
573 3959 631 4004 eos
646 3958 827 4025 aggressus
846 3946 915 4020 est;
932 3944 969 4007 at
987 3945 1079 4007 textu
1096 3938 1172 4030 ipso
1186 3938 1274 4008 haee
1291 3938 1524 4007 excluduntur
1547 3938 1602 4022 (of.
1629 3935 1788 4023 Weudt);

462 4042 530 4109 ulia
552 4042 652 4110 lectio
676 4048 771 4112 αὐτῶν
798 4042 935 4111 videtur
952 4046 1089 4113 invecta
1104 4050 1250 4135 propter
1269 4065 1303 4111 v.
1327 4049 1385 4126 1t;
1409 4042 1559 4112 inuolrrit
1583 4058 1704 4112 eontra
1732 4065 1788 4112 eos

462 4157 579 4236 ἴσχυσεν
605 4150 675 4218 κατ’
696 4155 790 4219 αὐτῶν
812 4149 881 4217 vim
900 4149 970 4218 illis
993 4149 1125 4236 intulit,
1141 4149 1192 4218 ito
1210 4162 1248 4218 ut
1266 4149 1355 4219 nudi
1372 4150 1582 4220 vestimentis
1604 4151 1660 4217 vix
1679 4149 1789 4218 omni·

461 4254 527 4323 bus
548 4256 638 4323 exuti
664 4254 761 4345 (ΒΙ.);
787 4256 829 4324 cf.
852 4260 947 4324 Ioan.
964 4262 1057 4338 affl.
1080 4263 1096 4323 1
1120 4258 1308 4340 Cor.t,1f.
1330 4255 1433 4325 lseob
1457 4255 1788 4339 2,150toulnereti

462 4362 656 4451 effugerent
676 4361 718 4429 de
739 4361 840 4429 domo
866 4361 951 4449 illa;
971 4384 1014 4430 en
1038 4366 1151 4454 poena
1171 4362 1288 4450 gravis
1307 4385 1373 4455 pro
1395 4362 1617 4431 fraudulenta
1638 4383 1786 4453 usurpa·

463 4466 556 4534 tione
574 4470 722 4536 nominis
741 4473 831 4552 lesu,
847 4490 917 4560 qua
935 4468 1039 4536 simul
1053 4467 1286 4539 edocebantur
1297 4490 1519 4561 nequaquam
1534 4469 1787 4537 sonum'nomi-

462 4571 515 4639 nis
529 4572 657 4642 habere
671 4575 739 4642 vim
752 4574 928 4666 quandam
944 4575 1126 4664 magicam.

505 4684 551 4746 Ex
570 4702 639 4770 quo
656 4688 782 4750 eventu
801 4682 869 4750 tria
889 4680 1089 4751 exstiterunt
1107 4681 1290 4752 commoda
1313 4681 1360 4774 (v.
1379 4686 1491 4771 17-19)
1514 4691 1549 4751 et
1571 4684 1685 4774 primo
1706 4681 1786 4772 qui·

460 4787 540 4857 dem
564 4787 667 4855 timor
687 4811 727 4856 ac
746 4788 937 4859 reverentia
951 4787 1099 4857 nominis
1121 4793 1195 4858 lesu
1218 4788 1370 4859 innotuit
1384 4789 1582 4859 infidelibus
1601 4812 1634 4857 v.
1654 4795 1695 4857 17
1720 4786 1784 4855 too
