4054 5442
292 275 354 335 atto
826 288 896 337 scr.
920 273 1080 347 astate.

298 422 381 491 done
401 444 444 490 es
469 421 608 490 letdueis
630 432 804 506 πειήσαντες
823 431 985 507 συστρεφήν
1004 420 1093 485 lacta
1117 416 1284 499 coitione,
1302 417 1557 506 conspiratione
1585 435 1620 488 et
1732 499 1735 505 Ι

291 530 504 599 devoverunt
521 552 557 598 se
580 528 728 596 dieentes
742 547 852 614 neque
869 522 1136 590 nmadrceuturos
1159 542 1270 611 ueqtce
1294 520 1474 604 bibituros,
1505 522 1616 592 donee

291 637 487 708 occiderent
502 635 672 717 Paulum,·
685 631 778 698 diras
791 628 858 696 sibi
876 629 1055 720 imprecati
1076 634 1156 697 sunt
1176 650 1306 719 poenas
1323 634 1358 697 et
1377 629 1539 713 exitium,
1565 630 1617 697 in-

290 745 455 837 terposita
474 736 697 808 iurisiurandi
712 735 895 821 religione,
916 735 1040 826 siquid
1055 720 1247 823 gustarent,
1263 743 1450 826 antequam
1464 736 1611 805 Paulum

291 852 543 927 interficerent3
567 848 788 926 ἀναθεματίζειν
809 848 910 909 ἑαυτὸν
934 863 969 909 se
987 841 1143 910 interitui
1161 842 1343 910 devovere.
1362 842 1465 911 Proin
1483 844 1614 911 firmis·

143 1006 167 1039 .,
261 1022 264 1029 ,
291 960 381 1026 sime
399 954 438 1019 id
454 953 652 1019 statuerunt
678 948 767 1015 iacta
787 947 910 1014 suimet
933 946 1087 1037 ipsorum
1114 947 1361 1029 exsecratione3
1386 969 1419 1013 v.
1447 954 1489 1016 13
1514 962 1613 1017 erent

290 1072 408 1131 aretem
414 1056 499 1150 plus
513 1076 618 1147 quum
636 1052 871 1146 quadrepintc
884 1051 951 1119 oiri
965 1053 1029 1143 qui
1040 1053 1129 1121 barse
1145 1052 1423 1120 contestationem
1435 1053 1614 1142 fecerunt,·

290 1169 383 1236 inter
399 1186 457 1233 eos
473 1163 581 1231 etiam.
591 1162 692 1231 fuisse
707 1182 850 1229 numero
865 1157 959 1226 haud
973 1160 1098 1247 exiguo
1114 1159 1257 1227 ludaeos
1270 1159 1418 1242 asianos,
1440 1160 1609 1250 ephesios,

290 1272 373 1342 satis
395 1294 436 1339 ex
449 1259 557 1353 2137
569 1267 684 1355 colligi
700 1265 837 1356 poterit.
856 1262 963 1332 Simul
977 1269 1130 1332 statuunt
1144 1264 1285 1333 modum
1302 1286 1372 1356 quo
1394 1288 1467 1334 rem
1486 1266 1611 1334 confici

290 1401 389 1471 posse
416 1381 557 1470 sperant
571 1398 603 1442 v.
619 1379 660 1442 1t
679 1371 741 1462 qui
751 1382 964 1438 accesserunt
980 1369 1212 1462 adprinea'pes
1224 1369 1440 1439 sacerdotum
1463 1371 1611 1463 (princi-

291 1508 389 1578 pem,
415 1485 488 1571 gig.
519 1479 584 1571 pb)
607 1490 640 1546 et
662 1477 811 1546 seniores
827 1490 860 1543 et
879 1475 1042 1544 disserent
1071 1475 1284 1543 :deuotione
1309 1476 1508 1544 devovimus
1533 1500 1606 1562 nos,

291 1588 516 1671 strictissime,
539 1584 623 1653 diris
642 1581 948 1674 imprecationibus
959 1604 1022 1649 nos
1035 1582 1284 1670 obligavimus
1303 1581 1398 1650 sitit
1412 1594 1611 1673 prestaturos

290 1698 397 1767 donee
421 1692 618 1762 occidamus
634 1688 848 1774 Paulum;r.
867 1695 907 1756 15
922 1710 1016 1756 nunc
1032 1710 1110 1779 erpo
1133 1710 1191 1755 vos
1210 1700 1332 1755 notrtm
1342 1687 1452 1774 facite
1469 1690 1609 1757 tribuno

289 1825 370 1873 curn
385 1799 558 1890 ,eoncilia
581 1810 619 1865 ut
637 1794 809 1888 producat
828 1793 928 1862 illum
949 1794 998 1862 ad
1023 1816 1092 1879 uos,
1114 1805 1294 1884 taurqnam
1315 1791 1456 1884 aliquid
1481 1795 1609 1864 certius

289 1907 467 2000 repetituri
489 1905 531 1973 de
555 1925 615 1990 eo,·
633 1924 695 1970 vos
717 1900 819 1970 simul
841 1922 920 1968 eum
938 1900 1059 1968 ceteris
1082 1899 1236 1989 synedrii
1257 1899 1485 1968 assessoribus
1514 1900 1609 1969 indi·

289 2021 365 2085 cate
382 2013 540 2095 tribuum
560 2010 679 2079 volunt
699 2004 833 2098 itaque,
857 2012 894 2075 ut
913 2007 1052 2074 nomine
1075 2006 1180 2073 totius
1203 2005 1358 2094 synedrii
1377 2006 1608 2096 postulatura
1647 2083 1653 2091 ,

289 2108 444 2203 tribuno,
466 2124 506 2188 ut
526 2119 655 2185 iterum
675 2114 819 2182 Paulum
841 2111 1002 2194 deducat,
1019 2134 1080 2180 nos
1097 2134 1174 2179 vero
1191 2111 1401 2203 priusquam
1426 2115 1611 2206 appropiet

286 2226 410 2321 parati
422 2246 541 2295 semies
553 2219 742 2311 interficere
757 2217 878 2300 illum,·
891 2225 969 2309 apte
987 2218 1024 2286 in
1038 2218 1146 2287 altera
1168 2217 1313 2287 lectione
1329 2241 1339 2286 ι
1354 2218 1490 2287 etiamsi
1507 2243 1610 2313 opor-

288 2340 362 2404 teat
386 2355 449 2411 nos
472 2351 609 2422 quoque
630 2325 732 2396 mori.
752 2330 836 2394 Nam
860 2323 1024 2394 militibus
1042 2325 1102 2415 qui
1128 2324 1273 2392 Paulum
1296 2322 1509 2393 deducerent
1533 2331 1610 2395 erat

289 2435 607 2521 resistendum;scd
631 2432 729 2502 facilc
745 2453 842 2523 posse
857 2430 944 2498 viros
965 2430 1195 2523 quadraginta
1217 2429 1336 2521 paucis
1357 2429 1426 2498 illis
1438 2431 1608 2500 militibus
1627 2490 1632 2495 .

178 2585 182 2591 ·
289 2546 462 2638 superatis
476 2565 551 2612 rem
563 2540 609 2611 ad
625 2539 751 2609 exitum
764 2537 951 2629 perducere
965 2537 1160 2627 sperabant.

331 2735 397 2796 Hac
411 2746 541 2811 quoque
556 2725 736 2789 narratione
755 2723 997 2785 antecedentem
1017 2722 1169 2784 declarari
1192 2722 1305 2784 talsam
1324 2722 1413 2806 Hitp.
1427 2725 1605 2787 contendit.

280 2833 383 2894 'Nune
397 2829 484 2891 enim
497 2824 721 2888 adductionem
737 2820 827 2882 Pauli
848 2820 887 2882 ad
901 2820 1084 2901 synedrium
1104 2819 1243 2882 describi
1263 2825 1432 2900 umquam
1447 2821 1605 2897 futuram,

289 2929 474 2991 nullatenus
488 2928 654 3001 tamquam
668 2919 784 2981 tasum
799 2917 865 2978 iam
879 2921 987 2989 antem
1003 2919 1059 2996 qui
1071 2918 1272 2997 conspirant,
1287 2918 1380 2982 nullo
1394 2916 1493 2982 modo
1507 2920 1605 2983 ratio·

289 3041 366 3089 nem
380 3023 498 3087 habere
514 3018 624 3082 iudicii
642 3017 681 3079 de
699 3016 799 3077 Paulo
818 3013 953 3076 mitioris
967 3013 1052 3093 quod
1074 3015 1107 3075 in
1128 3015 1280 3094 synedrio
1299 3015 1412 3079 datum
1431 3016 1488 3089 sa;
1504 3018 1608 3079 tribu.

289 3140 384 3195 num,
402 3121 456 3200 qni
471 3120 537 3180 iam
549 3120 697 3194 expertus
709 3113 752 3173 sit
762 3111 893 3173 Paulum
906 3111 938 3171 in
953 3110 1094 3188 periculo
1107 3111 1239 3186 versari,
1250 3129 1314 3173 non
1329 3112 1475 3191 potuisse
1488 3115 1606 3194 rogari,

290 3226 326 3284 ut
347 3221 465 3282 itemm
487 3231 562 3278 enm
584 3212 710 3274 sisteret
729 3207 893 3289 synedrim
916 3207 1107 3286 synedristas
1128 3224 1216 3270 nuno
1235 3209 1448 3288 praetendere
1466 3227 1501 3273 se
1523 3211 1606 3273 velle

288 3318 407 3383 certius
425 3313 502 3395 quid
518 3312 558 3374 de
575 3307 673 3371 Paulo
689 3321 896 3386 cognoscere
911 3321 952 3365 ne
966 3305 1096 3366 verbulo
1111 3305 1246 3384 quidem
1261 3306 1398 3369 indicari
1416 3306 1449 3369 id
1468 3324 1536 3370 non
1548 3325 1604 3389 po·

288 3417 390 3480 tuisse
414 3411 499 3475 sitici
526 3408 578 3471 die
603 3404 827 3487 praecedente;
852 3403 879 3463 si
903 3401 936 3463 id
962 3401 1186 3480 praecessisset
1213 3402 1301 3481 qnod
1324 3405 1420 3477 2:3‚10
1443 3409 1604 3479 mim,

163 3560 166 3565 ,
288 3514 388 3577 nimis
402 3509 533 3573 stultam
547 3504 614 3567 iore
628 3501 779 3565 astutiam
794 3495 1163 3578 eoniumtorum3'neque
1179 3498 1340 3562 vafritiem
1361 3500 1522 3565 iudaicam
1536 3519 1605 3567 esse

288 3613 373 3676 adeo
387 3604 629 3689 imprudentem
643 3599 697 3682 (ct.
713 3598 808 3678 253).

329 3709 425 3771 Hisce
439 3701 582 3785 proiecto
595 3697 682 3778 prior
703 3694 840 3758 narratio
859 3712 922 3756 non
939 3695 1103 3756 evertitur.
1121 3694 1167 3755 Eo
1183 3693 1272 3773 quod
1286 3693 1385 3774 aliqui
1402 3697 1603 3777 synedristsc

288 3812 396 3890 partes
411 3800 501 3865 Pauli
515 3797 697 3869 tuebantur,
710 3791 799 3854 furor
812 3791 1065 3854 adversariorum
1079 3808 1118 3853 eo
1135 3790 1238 3871 magis
1253 3792 1504 3870 accendebatur3
1517 3794 1602 3857 unde

286 3900 539 3967 coniurationem
562 3894 692 3956 iaciunt.
719 3889 848 3952 Modum
870 3888 1007 3969 seligunt
1025 3889 1206 3951 seeundum
1229 3887 1262 3951 id
1287 3887 1374 3969 quod
1400 3890 1507 3970 priore
1526 3909 1603 3955 con·

286 4007 385 4066 ventu
398 3990 723 4060 rcmtectadissotuto
734 3987 876 4069 pmxime
888 3986 1064 4057 ediscebat,
1080 3985 1149 4047 scil.
1165 3986 1455 4050 sciunt‘tribunum
1470 4006 1602 4070 quoqne

285 4099 367 4164 selle
382 4089 570 4174 diligentius
584 4088 683 4160 scire,
699 4102 761 4165 qua
773 4084 812 4146 de
824 4101 917 4147 rausa
931 4087 1132 4146 accusaretur
1145 4084 1262 4145 Paulus
1274 4082 1404 4166 (2230).
1420 4073 1512 4149 Unda
1525 4104 1602 4151 cans

284 4216 352 4262 non
365 4199 415 4259 est
430 4187 621 4259 absurdum,
632 4189 668 4246 ut
677 4184 706 4245 ei
721 4185 898 4262 proponant
909 4180 1045 4243 alterum
1055 4183 1261 4243 conventum.
1276 4181 1366 4254 Quod
1379 4182 1414 4243 in
1428 4182 1517 4246 brari
1529 4202 1601 4248 nar.

283 4297 409 4361 ratione
426 4291 525 4352 Lucas
539 4300 603 4346 non
617 4281 748 4344 adnotet
761 4278 915 4340 rationem
934 4277 1022 4339 iliam
1033 4277 1072 4339 ad
1089 4278 1352 4357 persuadendum
1369 4278 1513 4355 tribuno,
1529 4280 1599 4346 heri

282 4395 352 4458 scil.
371 4406 444 4453 rem
463 4389 496 4448 et
516 4380 719 4466 propositum
738 4393 801 4437 non
820 4375 960 4453 potuisse
979 4375 1106 4455 attingi,
1124 4392 1221 4438 nemo
1239 4392 1336 4438 canae
1355 4377 1475 4440 menti,
1490 4387 1600 4443 comm

281 4492 383 4556 iidem
397 4482 515 4569 prioris
528 4475 717 4572 narrationis
733 4471 874 4553 prolerre
889 4476 1003 4553 potest.
1017 4473 1165 4535 Ceterum
1179 4472 1303 4535 adverti
1319 4472 1432 4549 debet,
1447 4472 1600 4554 homines

280 4585 433 4671 pessimis
447 4579 546 4644 animi
560 4571 854 4658 perturbationibus
873 4571 1020 4650 abreptos
1036 4570 1173 4632 minime
1192 4586 1323 4652 semper
1335 4588 1449 4652 capara
1464 4575 1599 4638 consiti„

278 4679 536 4767 sapientissima3
551 4690 661 4745 rerum
678 4670 780 4733 solere
795 4685 865 4731 esse
878 4667 976 4747 magis
995 4668 1183 4729 obcaecatos
1202 4672 1235 4730 et
1253 4667 1286 4730 id
1305 4685 1409 4732 unum
1427 4674 1596 4752 appetere,

1466 4879 1486 4925 f
