4154 5452
55 344 62 353 ι
100 387 102 391 ,
220 322 279 384 100
557 416 560 419 Α
765 341 832 387 ier.
854 326 992 398 ate-17.

263 478 366 540 Fama
390 473 534 543 istorum
555 477 734 565 signorum
759 499 835 544 mox
857 474 1023 555 innotuit,
1053 496 1098 541 v.-
1116 480 1157 541 16
1184 474 1408 542 concurrebat
1426 483 1544 540 eutem

218 591 252 647 et
281 580 469 661 utultt'tudc
503 583 696 651 uicinorum
725 582 904 650 ciuitatum
938 578 1124 645 Ierusalem
1154 580 1342 669 asserentes
1365 600 1488 668 uepres
1512 591 1544 646 et

217 700 358 756 verutos
377 711 400 757 u
419 689 597 779 spiritibus
616 686 805 755 imueundis
822 723 867 736 -
884 683 1123 763 itadicuntur,
1141 688 1298 771 utquam
1315 688 1464 755 mamma
1486 706 1545 752 eos

132 782 134 787 ¹
217 816 289 862 esse
315 796 493 885 oppositos
526 792 700 861 sanctitati
731 792 790 858 liei
819 791 961 878 eiusque
994 786 1120 855 sanctis
1152 789 1305 857 consiliis
1331 792 1546 881 significetur

219 899 312 991 (vide
340 900 387 969 ad
408 906 507 974 itare.
539 898 646 986 133),
673 896 737 985 qui
762 894 972 963 curabuntur
1003 913 1141 978 omues,·
1164 895 1288 961 merito
1311 898 1479 967 adnotant
1507 900 1544 966 in

216 1006 307 1073 Petri
333 1004 457 1073 umbra
482 1002 658 1070 salutifera
675 1001 818 1090 egregie
846 999 986 1091 impleri
1012 999 1104 1067 illud
1126 1005 1221 1068 loen.
1249 1007 1351 1084 1¹⁶st
1377 1023 1385 1068 :
1414 1005 1546 1072 maiora

130 1141 135 1150 ·
216 1112 319 1181 laciet
334 1111 392 1198 (ct.
413 1106 491 1177 etr.
512 1109 589 1176 000.
609 1105 692 1175 Bed.
714 1106 824 1175 Selm.
842 1110 928 1198 Lep.
953 1104 1099 1197 Calm.);
1118 1112 1270 1176 etvetus
1290 1107 1433 1197 quidam
1449 1109 1545 1176 haud

45 1294 51 1306 ,
86 1195 90 1199 ,
133 1289 135 1293 ,
215 1215 388 1283 immerito
401 1213 507 1282 infert
524 1233 532 1281 :
548 1242 565 1277 u
581 1214 706 1282 situno
719 1236 818 1306 opem
834 1214 925 1302 ferre
939 1217 1078 1304 poterat
1088 1214 1215 1282 umbra
1229 1214 1396 1304 corporis,
1413 1222 1543 1305 quanto

216 1321 328 1408 magis
349 1341 443 1389 nunc
464 1320 640 1411 plenitudo
658 1321 817 1389 virtutis?
835 1320 863 1388 si
885 1327 966 1388 tunc
984 1319 1262 1410 supplicantibus
1278 1320 1440 1410 proderat
1459 1342 1546 1389 aura

215 1426 388 1517 quaedam
410 1427 699 1518 pertranseuntis,
721 1434 850 1516 quanto
871 1426 983 1515 magis
1002 1425 1118 1512 gratia
1136 1449 1229 1494 nunc
1243 1427 1502 1517 permanentis?
1515 1427 1543 1493 si

215 1539 330 1601 tamen
350 1532 563 1601 medicabilis
585 1532 650 1599 luit
671 1530 891 1599 obumbratio
920 1530 1106 1615 visitantis,
1133 1539 1264 1617 quanto
1287 1533 1398 1620 magis
1420 1539 1544 1601 catena

215 1639 414 1707 vincientist
433 1639 462 1705 si
479 1637 594 1706 inanis
616 1635 786 1727 quaedam
804 1637 933 1727 species
951 1658 1081 1703 vacuae
1099 1637 1264 1724 imaginis
1284 1638 1412 1706 habere
1431 1639 1544 1728 potuit

215 1746 252 1811 in
269 1766 305 1811 se
323 1745 394 1811 vim
415 1742 551 1825 salutis,
577 1749 706 1834 quanto
725 1743 803 1832 plus
816 1741 860 1809 de
877 1764 1022 1833 corpore
1043 1748 1248 1809 meruerunt
1262 1744 1437 1811 attrahere
1452 1745 1545 1811 salu-

215 1850 352 1919 britatis
372 1851 484 1933 terreo
506 1849 660 1941 pondere
678 1848 783 1916 sacris
800 1849 971 1940 impressa
986 1848 1153 1916 membris
1174 1849 1315 1918 macula
1336 1850 1506 1940 passionis
1526 1876 1543 1911 »

218 1958 268 2046 (in
289 1957 485 2049 appendice
502 1961 593 2045 bug.
616 1977 719 2024 serm.
740 1962 853 2040 tuat.
875 1962 912 2035 53
936 1958 1001 2023 M,-
1018 1955 1193 2046 sauma).
1217 1959 1333 2025 Merito
1352 1955 1435 2024 inde
1449 1978 1545 2024 com-

216 2063 403 2132 mendatur
431 2065 605 2131 veneratio
634 2059 860 2152 reliquiarum
881 2068 924 2129 ,et
953 2061 1127 2129 invocatio
1148 2067 1365 2131 Sanctorum.
1388 2068 1543 2132 Ceterum

215 2168 295 2238 ride
313 2169 358 2238 ad
374 2175 488 2252 tana.
1548 2237 1551 2241 ,

262 2279 347 2343 Cum
368 2275 486 2364 itaque
506 2274 627 2343 fideles
644 2280 740 2343 tauta
759 2272 915 2341 valerent
934 2271 1031 2362 apud
1046 2271 1185 2363 plebem
1202 2274 1407 2342 auctoritate
1421 2280 1455 2342 et
1469 2296 1544 2342 cre-

216 2379 372 2449 dentium
392 2378 578 2447 multitudo
599 2386 786 2467 augeretur
803 2383 838 2446 et
859 2399 900 2445 ex
923 2377 1047 2446 ricinis
1069 2401 1208 2469 quoque
1229 2379 1367 2470 oppidis
1387 2380 1543 2448 homines

217 2487 263 2555 ad
285 2486 457 2583 apostolos
482 2490 716 2569 accurrerent,
742 2484 803 2574 qui
828 2482 892 2575 (uti
914 2484 1020 2573 patet)
1040 2483 1078 2551 in
1096 2485 1239 2552 nomino
1260 2491 1335 2553 lesu
1352 2487 1544 2553 sanationes

216 2592 442 2683 perficiebant
466 2590 525 2680 (ci.
555 2613 587 2657 v.
614 2590 689 2682 28),
715 2590 870 2680 pontifex
894 2597 929 2658 et
954 2590 1028 2657 eius
1058 2591 1207 2658 asseclae
1231 2592 1267 2658 vi
1288 2591 1455 2660 utendum
1478 2589 1543 2660 rati

152 2776 154 2779 ,
217 2705 299 2767 sunt
326 2697 372 2766 ad
406 2718 480 2766 rem
511 2696 732 2765 christianam
759 2695 1044 2784 exstinguendam
1078 2720 1111 2763 v.
1143 2704 1184 2763 1'7
1217 2720 1405 2788 ensctrqeus
1428 2711 1544 2766 autem

210 2804 378 2898 prirtceps
398 2802 629 2891 secerdotum,
653 2806 793 2885 ἀναστάς,
815 2807 854 2871 ut
874 2802 977 2873 hebr,
996 2818 1055 2895 nup
1068 2803 1112 2870 de
1128 2827 1168 2871 co
1183 2805 1245 2893 qui
1259 2805 1301 2872 ad
1317 2804 1492 2892 agendum
1507 2826 1542 2872 se

215 2911 384 3000 accingit,
406 2910 468 3003 qui
484 2908 617 3001 aliquid
634 2909 755 2998 magni
771 2908 951 2977 moliturus
970 2915 1036 2992 est;
1056 2936 1072 2970 u
1090 2910 1254 2978 excitatus
1271 2918 1337 2994 est,
1355 2912 1485 3000 inquit,
1501 2909 1545 2977 iis

217 3040 306 3108 quae
325 3017 523 3086 acciderant
536 3021 726 3084 commotus
746 3042 762 3076 a
787 3013 910 3105 (Clu).
935 3016 995 3083 1110
1012 3014 1164 3083 mirandi
1182 3024 1261 3084 sunt
1283 3018 1373 3084 acuti
1401 3016 1544 3107 quidam

216 3121 340 3205 critici,
358 3124 410 3191 uti
431 3123 558 3205 Weiss,
580 3122 700 3207 Feiue,
725 3121 785 3211 qui
798 3120 950 3189 clamant
962 3120 1098 3188 nullam
1113 3144 1255 3212 prorsus
1269 3124 1303 3189 in
1321 3129 1413 3191 textu
1431 3123 1545 3192 atierri

217 3229 385 3298 rationem
405 3236 440 3297 et
461 3250 599 3297 caumm
611 3250 673 3296 cur
690 3227 835 3317 apostoli
859 3228 1042 3295 mittantur
1056 3229 1092 3294 in
1111 3233 1302 3310 carcerem3
1323 3231 1427 3297 etiam
1442 3229 1540 3319 Hitq.

217 3335 301 3405 dicit
324 3358 358 3402 v.
386 3340 486 3404 1t·1s
505 3356 577 3403 esse
595 3333 912 3424 interpolationem,
935 3333 1019 3423 quia
1038 3356 1071 3401 v.
1096 3340 1137 3400 17
1151 3356 1224 3424 seq.
1242 3357 1311 3401 non
1329 3335 1374 3402 ad
1391 3336 1453 3403 hos
1468 3358 1543 3403 rer-

217 3464 285 3525 sus,
301 3441 361 3511 sed
376 3441 422 3509 ad
435 3464 469 3510 v.
489 3447 545 3509 12.
565 3446 606 3508 13
622 3436 800 3507 reseratur.
816 3444 940 3507 Verum
955 3460 1081 3506 nexum
1098 3441 1185 3507 adeo
1201 3440 1342 3508 obvium
1358 3449 1392 3509 et
1406 3463 1542 3510 causam

218 3547 362 3616 actionis
384 3548 420 3615 in
444 3545 619 3637 apostolos
641 3550 772 3613 veteres
796 3544 865 3612 iam
891 3545 980 3612 bene
1007 3555 1254 3635 exposuerunt,
1278 3548 1327 3613 uti
1355 3547 1433 3616 Clu.
1462 3549 1539 3617 Oec.

219 3653 365 3745 Tbeopb.
390 3660 426 3721 et
452 3650 546 3721 Reda
576 3673 589 3718 .·
614 3652 698 3718 haec
719 3650 819 3718 lectio
846 3651 881 3716 in
910 3672 1037 3737 graeco
1060 3654 1109 3717 ita
1135 3653 1257 3742 incipit
1284 3653 1467 3744 respiciens
1497 3655 1543 3721 ad

218 3761 337 3854 priora
363 3782 372 3830 ε
396 3764 430 3826 01
449 3758 570 3826 videns
587 3758 684 3840 haec,
708 3756 891 3843 exsurgens
909 3756 1074 3846 princeps
1093 3757 1329 3843 sacerdotum,
1350 3766 1384 3828 et
1409 3760 1542 3829 Cossio-

218 3866 340 3935 dorius
352 3885 493 3957 quoque
504 3863 566 3956 qui
579 3863 730 3931 breviter
742 3883 876 3929 summa
890 3862 1006 3952 capita
1019 3865 1222 3953 perstringit
1236 3865 1356 3933 scribit
1373 3887 1381 3934 :
1398 3865 1544 3954 cognitis

218 3972 346 4042 talibus
369 3969 457 4059 (scil.
483 3992 518 4037 v.
546 3973 659 4055 1n-1s)
684 3968 843 4059 princeps
866 3975 950 4049 etc.;
973 3969 1133 4037 similiter
1157 3970 1266 4037 Saltu.
1297 3970 1403 4040 Cultu.
1427 3972 1540 4053 Hele,

199 4079 334 4149 ·Belser
353 4088 387 4146 et
405 4073 459 4144 Bl.
479 4095 495 4141 .·
519 4102 535 4137 ι
557 4074 726 4167 primores
745 4073 947 4165 popularem
966 4082 1099 4143 motum
1115 4078 1174 4167 qui
1195 4077 1297 4145 latius
1321 4078 1355 4144 iu
1377 4079 1451 4146 dies
1469 4101 1542 4146 000-

218 4183 334 4255 scebat
357 4181 546 4273 reprimere
568 4180 772 4249 studuerunt
803 4208 832 4249 a.
859 4183 943 4247 Cum
964 4186 1020 4260 tuti
1043 4188 1077 4248 et
1103 4182 1140 4249 in
1163 4183 1346 4270 evangelio
1372 4188 1453 4252 Luc.
1485 4191 1543 4266 3,2

220 4289 372 4383 (graece)
396 4294 511 4357 Annas
532 4292 675 4356 uocetur
694 4287 856 4378 princeps
880 4286 1115 4370 sacerdotum,
1135 4289 1240 4356 etiam
1260 4289 1317 4355 hie
1335 4289 1472 4358 videtur
1491 4291 1543 4358 in-

218 4394 428 4487 telligendus
458 4392 581 4482 (Sulm.
615 4392 730 4475 Hele,
763 4392 882 4482 Fett.);
913 4393 974 4461 alii
1008 4394 1174 4484 Caipham
1201 4394 1374 4482 designari
1401 4403 1543 4465 censent

220 4505 345 4595 (Calue.
372 4501 466 4571 Beel.
501 4498 626 4590 Pota),
650 4512 683 4568 et
707 4522 821 4568 emices
838 4498 900 4590 qui
920 4521 1000 4567 cum
1022 4500 1082 4568 illo
1107 4513 1221 4588 erem,
1247 4525 1337 4592 queue
1355 4516 1404 4571 est
1422 4503 1541 4573 tuere·

218 4611 281 4697 sis,
313 4632 409 4702 para,
436 4607 557 4691 tactio,
580 4604 851 4675 sadducaeorum
868 4606 992 4697 repleti
1009 4620 1091 4674 secut
1113 4606 1208 4694 zelo;
1233 4611 1277 4678 cl.
1307 4617 1361 4690 t,1
1391 4617 1539 4696 011311.

218 4725 357 4788 Ananus
391 4714 484 4783 filius
508 4719 625 4783 Annae
648 4720 776 4783 sectam
810 4711 1083 4782 sadducaeorum
1107 4716 1318 4806 sequebatur
1346 4716 1537 4809 (Iosephus,
