4054 5442
281 317 341 378 404
836 338 902 384 aer.
925 323 1044 395 tat-6.
1087 327 1095 340 '

276 466 400 534 turbae
419 467 577 557 permisti
598 464 768 561 quotduot
787 470 961 539 voluerint
977 472 1072 539 nulle
1088 470 1226 558 negotio
1242 468 1464 538 trucidabant
1484 499 1501 533 a
1520 474 1600 560 (An-

277 572 339 664 tiq.
374 575 544 667 20,8,10).
575 575 670 644 Idem
697 597 783 663 ergo
809 576 1019 664 synedristae
1044 576 1121 645 fieri
1143 576 1263 646 volunt
1284 576 1378 668 qued
1404 582 1505 645 antea
1529 580 1598 645 iam

276 682 511 771 approbarant
532 682 571 750 in
591 680 825 772 quadraginta
843 680 912 747 illis
935 683 1121 749 coniuratis
1144 682 1397 774 (23,13),ques
1420 683 1513 752 idem
1536 684 1600 750 hec

275 786 353 875 loce
390 793 524 857 tentare
559 784 725 868 voluisse,
761 785 900 853 additur
929 785 967 852 in
1006 787 1162 853 versione
1198 790 1332 875 syriaca
1358 790 1600 879 philoxeniana

292 915 370 963 mar
398 944 436 959 ..
1225 926 1228 931 ’

277 905 288 984 l
319 894 423 1066 Exgvd
446 1002 487 1064 16
509 975 672 1063 videntur
687 995 783 1085 prius
803 994 1004 1086 postulasse,
1023 1001 1061 1064 ut
1077 997 1349 1065 Festos'Paulum
1365 976 1486 1088 capitis
1500 998 1599 1068 dam-

273 1109 389 1183 naret,
405 1100 500 1168 idem
521 1100 700 1190 colligitur
721 1123 761 1169 ex
779 1124 811 1168 v.
829 1108 888 1186 bt,
909 1102 1101 1192 quodcum
1119 1107 1234 1171 Festus
1252 1101 1333 1170 solis
1344 1105 1598 1198 accusatoribus

273 1207 403 1278 auditis
423 1206 534 1293 nollet
552 1212 745 1299 praestare,
768 1215 842 1275 tum
862 1208 1041 1298 petebant,
1068 1213 1106 1275 ut
1127 1230 1206 1277 eum
1224 1214 1407 1278 arcesseret
1425 1211 1540 1277 statim
1559 1210 1597 1277 in

274 1313 415 1397 urbem;
436 1335 551 1404 neque
570 1316 643 1407 ¹hee
667 1318 782 1382 Festus
800 1313 957 1382 coneedit
972 1336 1006 1382 v.
1022 1319 1041 1379 t
1056 1317 1174 1382 Festus
1186 1314 1597 1407 autemrespoudi13ser·

273 1419 351 1487 vari
372 1418 526 1487 Paulum
548 1419 587 1486 in
612 1421 858 1500 Caesarea-eu,
884 1419 956 1487 scil.
979 1408 1019 1484 in
1039 1439 1145 1508 quam
1167 1420 1287 1487 urbem
1306 1420 1474 1489 abductus
1494 1421 1539 1490 sit
1559 1422 1596 1490 in

271 1524 482 1608 custodiam
508 1524 560 1592 ibi
583 1524 699 1592 innuit
727 1546 799 1593 esse
818 1523 970 1592 tribunal
991 1524 1224 1616 procuratoris
1244 1546 1360 1592 eoram
1387 1548 1457 1616 quo
1479 1529 1524 1595 sit
1545 1528 1596 1594 iu·

272 1630 457 1731 dicandus,
478 1651 549 1698 non
572 1632 648 1697 vult
672 1629 804 1697 ludaeis
825 1631 923 1719 quasi
942 1629 1114 1721 quandam
1136 1631 1370 1721 arreptionem
1390 1632 1592 1708 concedere3

271 1758 379 1828 quare
398 1757 478 1802 cum
498 1735 601 1802 firma
622 1735 773 1833 quadam
792 1735 994 1803 auctoritate
1012 1740 1048 1803 et
1061 1735 1217 1826 emphasi
1228 1745 1380 1825 τηρεῖσθαι
1393 1736 1507 1827 primo
1520 1737 1595 1805 loeo
1713 1760 1717 1767 ·

271 1843 429 1932 ponitur;
445 1847 550 1931 atque
570 1840 743 1908 eominus
762 1862 848 1931 opus
869 1862 974 1908 essea
994 1846 1157 1909 consueto
1178 1841 1299 1910 ordine
1319 1844 1495 1928 recedere,
1513 1843 1594 1934 quia

269 1947 344 2040 ipse
362 1946 462 2015 brevi
475 1968 677 2043 reversurus
691 1946 736 2015 sit
747 1951 946 2015 Caesaream
963 1966 971 2015 ε
987 1954 1150 2014 se'outem
1164 1947 1591 2039 materiusprosecturum,

157 2094 159 2099 ,
271 2062 302 2124 ἐν
321 2060 419 2145 τάχει,
439 2052 610 2134 celeriter,
624 2055 705 2139 cito,
723 2074 814 2137 mox,
829 2051 942 2134 brevi,
958 2075 991 2119 v.
1009 2060 1029 2121 5
1048 2052 1111 2145 qui
1125 2075 1205 2144 erpo
1219 2053 1256 2121 in
1269 2056 1361 2122 eatis
1378 2054 1456 2145 (ait)
1475 2066 1594 2147 poten-

269 2174 318 2229 tes
331 2170 415 2229 suut
428 2167 564 2244 tovae0t3
581 2161 725 2250 quinam
739 2163 819 2226 sunt
831 2159 887 2226 isti
906 2161 1082 2249 potentes?
1097 2158 1270 2250 explicant
1282 2160 1343 2228 alii
1365 2184 1373 2230 :
1398 2159 1459 2253 qui
1476 2160 1593 2229 idonei
1718 2162 1720 2165 ’

268 2261 364 2346 sbnt3
386 2263 448 2333 alii
469 2285 478 2335 ε
502 2263 630 2355 quibus
648 2263 869 2332 commodum
893 2270 942 2331 est
958 2264 1024 2333 iter
1041 2264 1130 2332 illud
1150 2265 1342 2350 instituere3
1362 2267 1413 2334 ita
1429 2267 1492 2354 gig
1508 2288 1611 2357 quo--

269 2392 339 2462 que
363 2389 371 2437 :
395 2371 457 2461 qui
476 2370 649 2439 intervos
668 2374 821 2460 possunt.
843 2374 884 2437 at
902 2369 969 2438 erit
985 2369 1223 2460 exponendum
1241 2392 1249 2440 :
1264 2372 1325 2462 qui
1336 2372 1498 2440 intervos
1510 2393 1591 2441 aue·

268 2478 409 2546 toritate
429 2481 605 2567 praestant
626 2474 683 2565 (et.
702 2473 793 2543 Beet.
815 2477 910 2543 Patr.
927 2476 1013 2544 Felt.
1037 2473 1177 2556 Wendt,
1203 2475 1336 2566 Weiss),
1354 2499 1468 2568 neque
1481 2477 1593 2546 obstat

268 2583 306 2651 id
331 2581 428 2673 qnod
451 2581 504 2651 Bt.
530 2586 648 2650 monet
666 2585 800 2649 Festum
819 2602 897 2649 eum
914 2581 997 2672 ipsis
1016 2580 1216 2671 proceribus
1233 2590 1368 2665 δυνατοῖς
1381 2583 1494 2674 loqui3
1510 2605 1590 2652 nam

269 2711 352 2758 eum
368 2687 470 2755 multi
487 2712 527 2757 ex
539 2686 742 2776 synedristis
756 2687 904 2755 adierint
921 2690 1070 2771 Festum,
1090 2688 1233 2756 omnino
1248 2689 1294 2757 ad
1308 2711 1368 2757 eos
1382 2689 1450 2758 diei
1464 2695 1587 2779 potest,

268 2799 307 2864 ut
328 2794 389 2885 qui
407 2794 476 2861 sint
492 2793 584 2861 inter
603 2815 660 2861 eos
676 2799 834 2884 potentes
853 2798 886 2860 et
903 2793 1091 2883 praecipua
1102 2795 1307 2863 auctoritate
1321 2795 1512 2877 emineant,
1530 2792 1590 2863 de-

265 2897 465 2970 scendentes
482 2897 604 2985 simul,
626 2898 659 2966 si
676 2896 830 2989 euodes!
850 2897 887 2965 in
903 2899 976 2966 viro
992 2898 1122 2974 corrice
1136 2906 1245 2968 ἄτεπεν
1258 2900 1471 2991 improbum,
1488 2922 1588 2969 accu-

265 3017 342 3076 sent
364 3025 465 3093 eum;
483 3005 626 3094 insuper
648 3003 826 3072 attendere
846 3009 981 3094 oportet
1000 3009 1133 3074 Festum
1155 3006 1386 3074 recentissime
1406 3005 1588 3076 advectum

266 3111 358 3181 adiri
380 3133 402 3180 a
427 3109 563 3179 ludaeis
586 3131 672 3200 quos
700 3110 853 3178 nondum
882 3117 1081 3197 cognoscat,
1115 3132 1264 3200 quorum
1288 3112 1473 3179 auctoritas
1495 3112 1587 3204 apud

266 3217 453 3310 populares
472 3216 540 3306 ipsi
561 3215 694 3303 pariter
715 3222 766 3281 est
788 3216 921 3301 ignota3
951 3237 1022 3283 esse
1051 3214 1128 3286 illos
1153 3216 1289 3284 nobiles
1310 3221 1446 3306 poterat
1470 3216 1588 3308 utique

267 3323 368 3395 facile
384 3322 576 3392 advertere.
594 3318 680 3397 Quid
702 3320 818 3409 itaque
838 3322 947 3408 magis
962 3329 1012 3388 est
1027 3320 1072 3388 ad
1092 3343 1165 3389 rem
1185 3343 1290 3412 quam
1310 3329 1347 3389 ut
1365 3321 1457 3390 dieat
1472 3321 1516 3390 ad
1530 3344 1588 3391 eos

266 3429 362 3523 quod
382 3427 507 3496 dixisse
525 3431 632 3495 Lucas
650 3425 776 3494 refert?
795 3430 950 3492 Ceterum
966 3425 1125 3515 Iosephus
1142 3448 1280 3517 quoque
1294 3427 1389 3494 haud
1403 3448 1482 3495 raro
1502 3435 1586 3497 teva-

264 3526 335 3619 τὲύς
350 3532 509 3603 nominat
525 3531 628 3601 simul
643 3552 723 3599 cum
742 3530 956 3621 principibus
972 3531 1188 3601 sacerdotum
1204 3533 1262 3621 (cl.
1282 3536 1376 3600 Patr.
1395 3532 1544 3602 Schera
1558 3537 1583 3602 ΙΙ

274 3642 409 3730 ).153).

263 3670 275 3737 l
308 3754 349 3817 Et
369 3751 570 3817 Caesaream
591 3765 747 3811 reversus
765 3746 878 3810 Festus
895 3744 1059 3810 continuo
1072 3748 1225 3832 praestat
1238 3745 1332 3834 quod
1353 3743 1487 3813 ludaeis
1503 3766 1584 3835 pro·
1621 3790 1628 3806 ,

263 3841 406 3925 miserat¹
425 3873 458 3920 v.
484 3857 504 3918 6
526 3848 723 3917 demoratus
739 3860 854 3916 arerem
872 3847 963 3928 iuter
981 3869 1037 3916 eos
1051 3847 1206 3917 dieseon
1226 3849 1376 3941 arreptius
1389 3872 1494 3941 quam
1509 3862 1584 3920 orto

261 3972 323 4028 aar!
342 3955 475 4041 decem,
504 3954 679 4024 descendit
698 3956 919 4040 Caesaream,·
936 3954 1056 4023 modus
1075 3954 1238 4045 loquendi
1257 3955 1301 4023 de
1320 3962 1477 4046 tempore
1491 3979 1584 4025 eom·

262 4062 467 4135 motationis
490 4061 627 4129 videtur
651 4060 806 4130 indicere
830 4068 1062 4145 narratorem,
1093 4061 1153 4152 qui
1185 4065 1369 4130 Caesareae
1394 4062 1583 4132 consistens

260 4169 396 4240 noverit
413 4166 556 4259 quidem
580 4167 747 4256 quamdiu
767 4190 788 4235 a
809 4170 972 4234 Caesarea
987 4166 1154 4249 abluerit,
1171 4188 1292 4236 verum
1311 4168 1477 4258 quamdiu
1491 4168 1583 4237 inter

260 4271 589 4364 Hierosolymitanos
608 4277 762 4341 versatus
780 4273 882 4340 luerit
899 4278 933 4340 et
951 4273 1043 4363 qued
1067 4281 1201 4363 tempus
1219 4274 1361 4343 fortmm
1382 4274 1461 4342 aliis
1484 4275 1581 4343 urbi·

261 4384 325 4452 bus
344 4378 532 4449 invisendis
553 4377 608 4446 vel
629 4377 745 4445 itineri
767 4377 988 4468 impenderit,
1006 4401 1075 4447 non
1098 4387 1253 4448 accurate
1274 4380 1409 4470 assequi
1431 4381 1582 4470 potuerit

260 4491 318 4584 (cl.
348 4486 483 4576 Weiss).
505 4488 619 4553 Festus
636 4489 751 4554 autem
775 4489 972 4552 Caesaream
993 4486 1191 4568 revertitur,
1217 4507 1298 4553 nam
1320 4492 1577 4577 procuratorem

256 4616 384 4664 novum
401 4614 480 4661 mox
493 4590 619 4659 insede
636 4613 700 4659 sua
710 4590 893 4659 salutatum
908 4590 999 4659 iriab
1013 4591 1090 4660 aliis
1104 4592 1331 4683 principibus,
1347 4596 1575 4662 Romanorum

253 4700 391 4784 amicis,
416 4698 609 4789 exspectari
631 4695 754 4764 debuit
774 4692 835 4786 (ch
854 4719 886 4764 v.
914 4704 966 4766 13.
986 4697 1061 4787 23);
1083 4711 1116 4766 et
1136 4697 1246 4767 altera
1266 4697 1322 4766 die
1337 4698 1425 4767 sedit
1434 4720 1500 4791 pre
1515 4701 1578 4766 tri-
