4092 5490
111 306 116 313 ’
235 310 303 370 238
691 400 695 407 ἢ
778 322 847 368 scr.
870 306 1028 382 latam.

234 456 349 525 statim
366 455 532 547 apostolis
548 478 621 524 sese
644 455 876 543 adiungerent
888 455 932 524 ad
946 456 1141 548 pleniorem
1163 451 1414 521 institutionem
1427 454 1560 525 haben·

234 561 316 630 dam
329 585 362 632 v,
379 566 421 631 ta
436 584 583 655 eumque
597 562 740 631 dimissa
752 574 1026 652 essetsynapopa
1038 561 1154 629 solata
1167 559 1446 648 congregatione,
1460 568 1561 630 coetu

233 668 390 752 dimisso,
406 669 517 738 secuti
526 680 605 736 sunt
618 666 724 734 multi
736 667 943 735 Iudaeorum
957 679 991 733 et
1008 665 1196 734 colentium
1210 665 1422 734 adversarum
1435 677 1493 734 τῶν
1509 697 1559 735 σε·

233 786 364 863 scatron
383 784 599 866 asperrimum
620 771 724 860 proin
749 769 867 837 ludaei
899 771 972 836 nati
995 776 1031 836 et
1064 771 1232 858 proselyti
1260 776 1367 839 Deum
1393 771 1556 853 colentes,
1603 855 1606 859 ¹

232 882 385 950 Paulum
396 892 430 947 et
449 878 646 945 Barnabam
650 924 662 956 ,
684 873 746 965 qui
766 872 942 963 loquentes
958 872 1151 941 suadebant
1169 875 1236 955 eis,
1262 888 1301 940 ut
1316 889 1560 966 permanerent

231 988 270 1055 in
282 986 400 1078 pratia
415 982 499 1066 ini,-
516 980 554 1046 hi
566 980 684 1069 itaque
698 978 836 1070 plenius
847 979 1083 1048 edocebantur
1098 979 1368 1070 (προσλαλοῦντες)
1382 988 1417 1049 et
1429 984 1559 1052 adbor-
1637 999 1641 1005 ’

232 1090 423 1160 talionibus
435 1085 729 1170 confortabantur,
747 1089 786 1152 ut
796 1085 945 1153 tirmiter
962 1092 1224 1178 perseverarent
1234 1086 1272 1154 in
1286 1089 1399 1176 gratia
1416 1088 1477 1156 Ilei
1489 1110 1560 1179 qua

231 1191 413 1288 praeventi
426 1191 532 1260 fidem
544 1196 765 1283 susceperunt
773 1190 902 1283 (Lep).
919 1193 1032 1260 Placet
1041 1192 1220 1260 nonnullis
1231 1193 1381 1281 gratiam
1392 1193 1560 1283 Deiintel·
1691 1241 1695 1248 -

230 1299 341 1389 ligere
354 1297 547 1367 doctrinam
561 1298 643 1367 fidei
657 1295 789 1388 (Beati.
805 1296 956 1387 Apostoli
972 1296 1090 1385 itaque
1112 1319 1175 1387 per
1190 1298 1446 1368 hebdomadam
1461 1301 1559 1391 operi

119 1421 123 1429 '
232 1405 420 1497 apostolico
432 1427 506 1474 sese
517 1403 776 1495 impendebant.
790 1401 888 1470 Unde
901 1401 953 1468 rei
967 1401 1091 1468 notitia
1103 1424 1167 1491 per
1175 1403 1299 1470 urbem
1311 1408 1555 1494 spargebatur:

233 1534 340 1604 quare
352 1534 386 1579 v.
404 1508 617 1601 tl'sequenti
629 1529 708 1574 aero
728 1507 868 1574 sabbata
890 1528 981 1597 pene
1004 1503 1165 1575 universa
1183 1508 1305 1576 civitas
1323 1511 1482 1578 conuertit
1497 1535 1558 1580 an-

233 1618 309 1686 dire
332 1617 469 1684 verbum
486 1613 563 1700 Dei,
585 1612 706 1681 audire
727 1612 887 1697 Paulum,
912 1614 963 1680 uti
983 1613 1095 1681 altera
1109 1613 1214 1681 habet
1236 1616 1357 1700 lectio,
1371 1639 1485 1708 neque
1503 1617 1557 1685 in·
1615 1700 1617 1707 Ι
1693 1654 1699 1659 ·

232 1743 402 1810 congrue,
415 1712 498 1810 quia
511 1724 603 1787 certe
616 1717 718 1786 multi
732 1717 915 1807 gentilium
935 1739 1006 1786 non
1021 1724 1093 1785 tam
1112 1717 1155 1786 de
1174 1719 1280 1786 verbo
1296 1721 1372 1804 Dei,
1392 1721 1498 1811 quam
1513 1722 1557 1791 de

231 1826 338 1896 Paulo
361 1825 533 1909 audiendo
558 1824 776 1914 cogitabant3
800 1829 893 1893 recte
927 1823 995 1891 dici
1020 1846 1161 1915 quoque
1192 1825 1337 1895 verbum
1366 1828 1442 1911 Dei,
1463 1832 1558 1919 patet

92 1962 96 1971 ·
232 1956 297 2026 per
312 1938 363 2018 'se;
384 1932 465 2001 vide
485 1931 531 2000 ad
559 1954 593 1999 v.
618 1939 652 1998 7.
676 1929 775 1998 Pauli
800 1951 913 1998 sermo
934 1951 1004 1998 non
1022 1931 1188 2011 refertum
1210 1932 1315 1999 fuerit
1333 1955 1414 2000 sane
1436 1933 1557 2002 similis

231 2039 429 2129 argumenti
449 2059 530 2108 cum
551 2036 614 2104 illo
628 2035 762 2127 priore3
779 2042 814 2103 et
834 2035 918 2126 quia
937 2034 1053 2103 ludaei
1077 2036 1151 2104 zelo
1175 2042 1209 2103 et
1223 2037 1463 2125 indignatione
1478 2063 1556 2110 con·

150 2171 155 2183 ·
230 2153 286 2215 tra
300 2144 449 2234 gentiles
462 2142 662 2230 lagitantur,
681 2140 819 2208 ridetur
841 2141 965 2208 Paulus
991 2140 1118 2209 clarius
1138 2164 1278 2233 quoque
1296 2143 1464 2214 indicasse
1478 2169 1553 2216 eam
1672 2139 1675 2143 ⁵

229 2251 377 2320 salutem
410 2249 566 2317 omnibus
596 2246 713 2314 offerri
744 2245 963 2327 hominibus3
984 2269 1017 2314 v.
1055 2255 1098 2316 ts
1124 2247 1274 2316 uidentes
1298 2262 1414 2319 autem
1441 2255 1556 2321 turbas

228 2355 364 2438 Ierdaer‘,
385 2354 512 2422 multos
521 2351 595 2421 scil.
610 2352 778 2440 gentiles,
796 2350 920 2441 repleti
933 2365 1012 2420 snnt
1027 2353 1101 2421 zelo
1120 2356 1350 2423 aemulatione
1366 2357 1552 2439 invidiosa3

228 2464 319 2532 ferre
335 2483 409 2530 non
425 2463 572 2551 possunt
591 2457 685 2549 quod
704 2458 850 2546 gentiles
873 2457 938 2524 sibi
965 2459 1249 2548 aequiparentur,
1270 2461 1362 2550 quod
1383 2462 1554 2533 bonorum

231 2566 480 2637 messianorum
518 2563 711 2633 reddantur
736 2560 923 2654 participes
953 2564 1025 2632 sine
1052 2564 1313 2635 circumcisione
1342 2574 1376 2636 et
1395 2568 1555 2639 observa·

230 2677 324 2742 tione
338 2672 428 2760 legis
443 2670 625 2740 mosaicae.
643 2668 759 2738 ludaei
783 2668 876 2736 enim
901 2670 1114 2760 contemptui
1134 2671 1310 2741 habebant
1328 2675 1493 2762 gentiles,
1517 2682 1555 2744 ut

231 2778 413 2870 exponitur
424 2780 522 2845 Rom.
540 2781 701 2857 s,19.20;
723 2773 817 2842 unde
831 2795 963 2842 summe
977 2774 1219 2864 indignantur,
1239 2778 1332 2867 quod
1347 2782 1439 2848 hauc
1456 2803 1554 2849 suam

228 2907 313 2977 prae
331 2883 494 2973 gentibus
508 2879 754 2972 praestantiam
774 2881 909 2948 auferre
928 2882 1011 2948 velit
1033 2883 1207 2971 apostolus
1230 2889 1264 2950 et
1289 2887 1475 2955 contendat
1492 2909 1556 2979 per

230 2990 383 3065 blessiam
405 3008 524 3056 omnes
545 2985 622 3077 pari
647 2985 751 3054 modo
777 2985 916 3055 salvari.
951 2990 1036 3054 Prae
1067 2987 1220 3056 vanitate
1252 2990 1420 3059 nationali
1451 2992 1555 3061 talem

231 3096 384 3164 llessiam
405 3097 619 3174 aversantur,
637 3104 670 3160 et
693 3090 974 3160 contradicebant
993 3092 1045 3160 tis
1064 3116 1196 3184 qetnea
1225 3096 1333 3163 Paulo
1354 3098 1556 3168 dicebantur·

232 3199 506 3292 blasphemantes
518 3199 556 3266 in
570 3202 682 3265 lesum
697 3198 766 3265 iam
782 3198 936 3266 convicia
956 3197 1132 3266 iactantes.

276 3307 375 3375 Omni
393 3303 597 3372 fortitudine
615 3310 650 3371 el
667 3303 829 3371 libertale
842 3311 1116 3392 παρρησιασάμενει
1131 3307 1276 3395 aposloli
1290 3307 1332 3374 iis
1347 3310 1432 3398 quid
1447 3312 1496 3379 rel
1511 3312 1556 3380 sil

229 3413 409 3483 declarant
426 3432 459 3477 v.
485 3417 528 3479 to
549 3420 632 3476 tuna
653 3421 849 3477 constanter
870 3409 999 3477 Paulus
1022 3423 1056 3477 et
1079 3415 1257 3478 Barnabas
1278 3413 1440 3483 dirarum
1463 3438 1475 3486 .·
1497 3441 1555 3486 oa-

230 3520 281 3588 bis
304 3514 481 3610 oportebat
493 3514 652 3607 primum
672 3515 769 3605 loqui
791 3512 929 3581 verbum
948 3515 1027 3602 Dei,
1054 3517 1189 3584 ludaeis
1212 3518 1304 3586 enim
1329 3521 1456 3591 credita
1476 3531 1556 3592 suut

230 3623 367 3715 eloquia
386 3624 445 3691 Dei
470 3623 581 3712 (Rom.
600 3621 686 3710 Μ),
710 3621 774 3712 ipsi
791 3621 925 3688 habent
946 3643 1042 3711 spem
1063 3624 1285 3708 messianam,
1310 3626 1371 3693 secl
1389 3631 1555 3719 quoniam

231 3729 399 3823 repellitis
415 3725 507 3796 illud
518 3739 552 3795 et
566 3725 733 3816 indipnas
745 3749 804 3795 cos
818 3725 985 3794 indicatis
999 3740 1159 3796 aeternae
1174 3730 1279 3815 ritae,
1297 3731 1342 3799 ad
1358 3754 1462 3823 quam
1478 3735 1553 3803 scil.

231 3838 346 3908 aditus
368 3835 438 3903 iam
456 3855 528 3902 non
549 3838 600 3902 est
619 3833 685 3900 nisi
703 3854 767 3923 per
786 3831 890 3900 tidem
910 3839 985 3902 lesu
1000 3834 1061 3924 qui
1080 3835 1115 3900 in
1136 3835 1234 3903 vobis
1254 3838 1472 3926 praedicatus
1490 3848 1552 3926 cst,

232 3966 308 4013 acce
329 3939 560 4010 convertimur
583 3937 632 4007 ad
651 3951 778 4029 pentes.
798 3945 913 4027 Neque
930 3939 966 4006 id
986 3939 1132 4008 iacimus
1149 3942 1283 4031 privata
1305 3952 1422 4014 nostra
1435 3954 1554 4016 aucto-

232 4052 351 4130 ritate,
374 4047 435 4115 sed
458 4046 571 4113 edocti
589 4051 625 4113 et
642 4045 725 4112 iussi
744 4045 884 4112 oraculo
899 4045 1118 4135 prophetico,
1139 4069 1171 4113 ν.
1191 4056 1232 4115 ’47
1247 4049 1296 4116 sic
1312 4052 1404 4118 enim
1415 4075 1555 4143 praere·

226 4157 285 4251 pit
305 4152 403 4222 nobis
424 4153 590 4220 Dominus
613 4171 626 4215 .·
637 4150 745 4240 posui
762 4163 793 4216 te
807 4150 843 4216 in
858 4151 966 4217 lucem
981 4153 1158 4242 pontiam,
1178 4155 1270 4222 utsis
1287 4156 1321 4222 ia
1338 4159 1484 4227 salutem
1500 4183 1555 4227 us-

232 4286 300 4357 qne
320 4259 368 4330 ad
387 4271 576 4327 eatrernum
598 4268 727 4343 terrae,·
756 4261 797 4324 ls.
825 4263 915 4341 t9,6,
944 4279 1033 4347 quae
1059 4259 1167 4344 vorlra
1193 4260 1356 4330 dicuntur
1383 4270 1489 4334 abeo
1511 4267 1554 4335 de

232 4369 362 4450 llessia;
383 4365 478 4436 undo
498 4361 574 4433 vult
597 4367 682 4430 Deus
700 4367 739 4431 ut
760 4363 891 4431 llessias
917 4385 1035 4431 revera
1054 4363 1114 4433 fiat
1133 4367 1171 4433 in
1191 4367 1303 4434 lucem
1323 4371 1497 4458 gentium,
1519 4373 1554 4441 in

232 4477 379 4547 salutem
399 4472 568 4541 omnium.
594 4468 740 4537 Proinde
761 4489 879 4538 eorum
903 4491 988 4560 quos
1014 4472 1149 4539 Messias
1173 4470 1279 4560 elegit
1300 4474 1367 4542 sibi
1389 4478 1499 4547 socios
1520 4485 1554 4548 et

233 4582 404 4677 apostolos
426 4584 493 4663 est,
514 4599 579 4668 pro
599 4573 731 4644 viribus
744 4575 790 4643 ad
802 4575 892 4643 hauc
909 4576 967 4644 [tei
982 4577 1194 4646 voluntatem
1210 4583 1462 4671 exsequendam
1474 4608 1554 4653 coo-

232 4689 349 4784 perari
376 4685 470 4778 (vide
497 4706 586 4775 quae
614 4681 686 4750 disi
708 4682 744 4750 in
769 4686 960 4751 Comment.
991 4686 1061 4772 ls.).
1087 4685 1185 4761 Quod
1207 4686 1338 4755 Christo
1359 4691 1554 4781 specialiter
