4010 5474
206 395 208 399 ¹
244 321 305 381 aar
557 330 558 333 Ν
776 332 844 378 ier.
870 316 1026 386 maa-n.

246 474 330 548 Deo,
343 472 381 534 ut
395 466 589 536 necessario
599 476 819 557 quaererent,
830 487 933 556 quem
943 463 1013 555 ipsi
1026 462 1243 550 incognitum
1259 458 1328 527 sibi
1347 481 1419 528 esse
1434 465 1578 551 professi

246 574 326 645 sunt
354 602 370 637 ν
394 573 592 664 (Cassiod).
619 577 658 640 nt
686 572 879 640 Pausanias
908 570 1051 661 quidem
1083 569 1189 636 refert
1217 568 1254 635 in
1284 565 1446 648 Phalera,
1473 575 1577 656 portu

245 682 473 763 Athenarum,
484 680 593 748 fuisse
606 698 683 746 uras
697 686 770 744 θεῶν
786 684 1013 759 ὀνομαζομένων
1027 677 1190 761 ἀγνώστων
1204 676 1235 763 (1
1245 673 1331 764 ‚1‚t)
1349 680 1384 742 et
1398 673 1578 764 Olympiae

246 792 386 879 quoque
401 791 555 854 recenset
573 783 731 868 ἀγνώστων
746 788 818 848 θεῶν
842 785 943 863 βωμὸν
958 778 1121 867 (5,1t,8).
1138 783 1186 845 Ex
1203 801 1273 867 quo
1289 779 1455 848 narrandi
1476 779 1578 847 modo

245 893 409 962 exstitisse
424 911 500 956 aras
513 885 640 973 ignotis
658 883 725 952 diis
739 884 936 973 inscriptas,
958 883 1160 951 nullatenus
1178 885 1336 973 sequitur
1356 884 1487 975 ubique
1499 887 1577 977 plu·

245 997 354 1075 ratem
376 980 561 1061 numerum
585 1012 656 1057 esse
672 988 887 1071 adhibitum;
903 988 1059 1057 dubitari
1086 990 1208 1078 nequit
1226 988 1312 1078 quin
1327 990 1452 1057 Paulus
1467 992 1506 1058 id
1522 1014 1577 1060 re·

245 1088 325 1169 vera
339 1097 464 1166 viderit
477 1096 571 1187 quod
580 1117 697 1164 coram
712 1094 1021 1164 Atheniensibusse
1036 1094 1165 1162 vidisse
1179 1093 1346 1163 affirmat.
1360 1099 1433 1173 Qua
1443 1097 1577 1165 ratione

246 1212 360 1274 autem
382 1203 552 1272 eiusmodi
578 1198 760 1293 inscriptio
777 1201 860 1292 poni
879 1201 1049 1291 potuerit,
1074 1201 1240 1269 discimus
1256 1224 1299 1267 ex
1315 1224 1357 1269 eo
1378 1203 1473 1292 quod
1499 1203 1578 1270 Dio·
1602 1210 1605 1213 ’
1638 1264 1639 1267 ,

176 1345 181 1355 ·
245 1332 352 1399 genes
370 1311 524 1378 mertias
536 1308 705 1378 narratin
719 1309 789 1375 vita
805 1306 1016 1397 Epimenidis
1028 1306 1140 1396 (Vitae
1159 1306 1288 1395 philos.
1307 1308 1419 1398 i‚to);
1439 1335 1456 1370 r
1468 1308 1578 1387 Athe-

8 1410 15 1426 ’
34 1403 55 1441 ’·
153 1474 155 1479 .
245 1415 528 1486 niensibusenim
543 1420 637 1505 peste
648 1412 884 1480 laborantibus
895 1411 1117 1503 Epimenides
1128 1411 1179 1478 ita
1193 1420 1323 1501 pestem
1337 1414 1574 1505 compescuit:

246 1523 391 1613 sumpsit
404 1543 484 1590 oves
504 1521 608 1606 nigro
627 1526 662 1587 et
680 1518 827 1585 candido
843 1504 969 1585 vellere
983 1518 1152 1609 duxitque
1172 1518 1207 1584 in
1234 1540 1449 1608 areopagum
1469 1527 1577 1611 atque

244 1629 329 1698 inde
342 1648 411 1719 quo
425 1626 554 1694 velient
571 1623 667 1693 abire
685 1624 855 1714 permisit,
869 1623 925 1691 bis
944 1623 1006 1714 qui
1027 1624 1107 1692 illas
1127 1624 1364 1713 sequebantur
1387 1625 1573 1707 mandans,

248 1730 551 1822 ubicumque'iilae
570 1729 821 1811 accubuissent,
839 1728 994 1813 singutas
1019 1729 1085 1798 deo
1106 1728 1175 1797 loci
1193 1768 1239 1780 -
1255 1742 1298 1818 τῷ
1313 1741 1495 1819 προσήκοντι
1516 1740 1575 1820 θεῷ

246 1877 290 1910 -,-
314 1837 547 1906 immolarent.
570 1836 654 1903 Hinc
674 1841 724 1903 est
747 1835 841 1925 quod
860 1836 1063 1903 etiamnunc
1084 1857 1149 1925 per
1167 1835 1430 1904 Atheniensium
1455 1837 1575 1907 demas

246 1945 435 2035 sivepagos
446 1941 669 2033 reperiuntur
682 1962 763 2009 arae
778 1941 853 2008 sine
866 1941 1009 2008 nominc
1025 1954 1042 2002 n
1059 1940 1083 2009 i.
1096 1963 1127 2009 e.
1142 1963 1226 2009 arae
1243 1941 1318 2010 sine
1334 1943 1474 2010 nomine
1490 1944 1576 2011 certi

246 2048 425 2119 cuiusdam
439 2048 516 2134 dei,
530 2069 619 2138 quae
631 2047 747 2137 itaque
759 2046 944 2137 inscriptae
959 2053 1060 2114 eraut
1072 2058 1113 2136 τῷ
1128 2059 1311 2135 προσήκοντι
1330 2058 1401 2137 θεῷ,
1418 2060 1459 2138 τῷ
1473 2054 1574 2139 ἀγνώ-

246 2186 306 2246 cto)
321 2158 390 2224 et02
399 2156 428 2243 ,1.
1333 2244 1336 2250 .

291 2261 375 2330 inde
397 2281 482 2348 crgo
503 2281 622 2328 unsrun
640 2260 747 2349 capit,
772 2259 868 2349 quasi
891 2257 1009 2327 dicens
1028 2282 1099 2328 non
1113 2260 1304 2351 peregrina
1322 2261 1420 2328 vobis
1437 2284 1576 2329 annun-

245 2367 308 2449 tio,
336 2365 398 2435 sed
417 2386 524 2456 quem
547 2386 606 2432 vos
633 2363 701 2455 ipsi
722 2363 924 2432 nominastis
953 2365 1114 2453 ignotum
1143 2372 1269 2448 iteum,
1295 2367 1390 2435 bunc
1410 2368 1573 2457 praedico

247 2474 304 2564 (ci.
333 2470 495 2564 incepi.)
519 2493 528 2541 ε
549 2469 644 2562 qnod
661 2492 742 2561 erpo
759 2472 957 2560 ianorantea
972 2472 1101 2553 colitis,
1118 2472 1182 2538 troc
1197 2494 1261 2562 eqo
1275 2473 1446 2540 cunetatio
1463 2474 1569 2561 cobis,

247 2609 265 2644 u
282 2578 369 2649 ordo
382 2577 568 2665 diligenter
581 2576 785 2669 apostolicae
797 2576 1040 2666 disputationis
1055 2584 1104 2645 est
1116 2578 1318 2660 intuendus,
1336 2601 1406 2669 qua
1420 2579 1470 2648 ita
1479 2579 1573 2671 apud

246 2685 394 2775 gentiles
413 2689 578 2752 tractatus
599 2683 721 2752 seriem
748 2682 891 2763 format,
919 2688 957 2750 ut
975 2682 1128 2772 primum
1143 2706 1254 2752 unum
1271 2689 1378 2752 Deum
1396 2690 1573 2754 auctorem

247 2788 368 2859 mundi
379 2788 606 2880 omniumque
619 2810 690 2857 esse
704 2787 823 2857 docem
839 2817 855 2851 ν
871 2786 993 2878 (Beda)
1009 2811 1041 2856 v.
1059 2796 1102 2857 it
1118 2793 1210 2857 Deras
1223 2790 1287 2880 qui
1301 2790 1391 2877 fecit
1403 2790 1573 2860 noandum

247 2909 280 2966 et
291 2895 408 2965 omnia
426 2916 518 2987 quae
530 2894 568 2963 in
580 2916 619 2964 co
636 2907 733 2980 sunt,
750 2893 806 2963 tic
823 2894 954 2962 coellet
972 2908 1084 2963 terren
1097 2917 1175 2962 cnm
1187 2895 1235 2962 sit
1249 2897 1435 2979 Dominus,
1453 2898 1573 2966 nonin

247 2999 460 3091 manufactis
478 2999 618 3092 templis.
631 2999 784 3085 habita&
803 3005 887 3069 Dens
912 2999 975 3068 iste
998 2999 1095 3068 vobis
1110 3002 1253 3089 ignotus
1272 3010 1406 3069 creator
1425 3011 1476 3071 est
1499 3025 1573 3072 om·

246 3108 346 3177 nium
370 3107 529 3198 adeoque
550 3107 711 3174 Dominus
733 3106 902 3185 omnium;
919 3106 963 3173 de
990 3129 1031 3173 ec
1053 3107 1251 3175 nullatcnus
1271 3108 1496 3194 cogitandum
1521 3116 1571 3178 est

246 3219 349 3305 prout
363 3211 406 3281 de
419 3211 515 3279 falsis
530 3211 596 3279 diis
613 3210 733 3280 sentiri
752 3212 851 3294 solet3
867 3233 948 3278 nam
970 3211 1037 3293 dii,
1057 3234 1117 3280 seu
1139 3215 1286 3279 numina
1312 3213 1429 3282 divina
1452 3238 1570 3284 cense-

245 3319 374 3387 bantur
386 3316 545 3386 babitare
569 3317 606 3385 in
619 3314 829 3395 simulacris;
842 3339 949 3406 quaro
966 3317 1060 3407 apud
1076 3317 1276 3385 Ciceronem
1292 3319 1336 3386 dc
1366 3325 1467 3388 t'orrc
1488 3321 1569 3390 tatia

246 3429 450 3515 queruntur,
468 3444 541 3492 sese
551 3422 621 3491 iam
636 3444 679 3490 nc
693 3421 774 3490 deos
786 3422 926 3510 quidem
941 3422 976 3489 in
990 3423 1061 3490 suis
1076 3422 1221 3490 urbibus
1240 3424 1284 3490 ad
1305 3447 1393 3516 quos
1407 3428 1571 3515 coniuge·

247 3537 325 3599 rent
337 3528 483 3611 babere,
497 3528 591 3620 quod
603 3549 720 3596 eorum
735 3527 916 3595 simulacra
931 3528 1146 3596 sanctissima
1162 3533 1197 3595 C.
1220 3535 1339 3597 terres
1357 3554 1398 3598 cr
1417 3531 1571 3600 delubris

246 3636 450 3719 castalione
466 3640 501 3703 et
512 3634 607 3726 apud
618 3639 771 3702 senatum
787 3655 968 3701 romanum
983 3635 1043 3701 alii
1060 3643 1268 3723 queruntur,
1286 3636 1371 3703 deos
1384 3638 1477 3727 ipsos
1490 3661 1571 3707 con·

246 3743 359 3812 vulsos
380 3763 454 3811 esse
472 3762 513 3809 eu
535 3739 675 3808 sedibus
691 3741 779 3821 suiS,
807 3761 893 3829 quos
916 3739 1119 3822 adorarent,
1146 3741 1191 3806 ad
1215 3763 1301 3830 quos
1329 3752 1514 3831 precentur
1537 3753 1570 3813 ot

282 3926 304 3970 t.
321 3916 516 3985 inscriptionem
529 3913 606 3966 iatase
621 3914 686 3966 banc
699 3914 807 3966 aiitrmat
820 3916 993 3980 iiieronrmus
1009 3934 1016 3966 ε
1033 3915 1085 3965 diis
1100 3914 1173 3966 isiae
1189 3919 1216 3966 ot
1231 3918 1348 3981 Europae
1362 3922 1389 3969 et
1400 3919 1509 3982 atricae,
1521 3920 1572 3972 diis

246 3998 341 4066 ignatis
354 4001 380 4051 et
395 3994 536 4063 peregrinis
554 3995 706 4056 (commeat.
723 3994 749 4045 in
766 4007 806 4059 ep.
821 3993 853 4045 ad
869 3995 920 4045 Tit.
942 4000 1010 4055 t‚t2;
1028 3997 1067 4046 n.
1083 3996 1198 4059 insiti:
1218 3997 1286 4047 hanc
1302 3998 1379 4049 atiort
1399 4002 1457 4049 oea.
1478 4016 1488 4050 .·
1507 4004 1571 4057 teate

251 4080 331 4138 'delet
344 4079 386 4131 wi
398 4077 516 4144 1511961116
528 4076 571 4126 καὶ
584 4075 682 4133 Attius.
697 4078 744 4139 teti·
755 4076 876 4139 ἀγνώστῳ
892 4078 934 4126 καὶ
949 4076 1021 4139 tima
1038 4074 1099 4126 item
1116 4076 1232 4141 Ttecptr.
1248 4104 1281 4112 -
1293 4078 1400 4130 Athenis
1416 4078 1495 4131 iaiaae
1512 4093 1571 4132 aras

246 4160 324 4213 attam
338 4156 548 4221 ἀγνῶστυννιῦν
563 4153 732 4205 i’tiitcetratus
745 4168 847 4220 quoquo
866 4155 945 4206 reteri
964 4156 989 4205 iu
1006 4155 1061 4206 rita
1082 4155 1200 4219 apciton.
1217 4162 1271 4216 ως
1287 4155 1321 4207 rt.
1347 4157 1451 4210 Wendt.
1470 4161 1501 4209 in
1513 4165 1569 4213 cat.

245 4239 355 4292 aitertar
371 4250 404 4289 ex
422 4245 543 4287 sermone
557 4231 621 4284 t'trr.
636 4230 759 4284 adversas
769 4234 876 4285 iudaeos
890 4256 897 4285 ι
912 4256 924 4279 ι
943 4232 1040 4284 Paulus
1053 4234 1182 4297 ingressus
1197 4236 1310 4286 Attienus
1328 4250 1378 4287 noa
1392 4252 1424 4288 cr
1439 4238 1570 4303 prophetis

248 4333 331 4385 aeque
344 4330 375 4370 ex
389 4311 524 4376 evangetio
540 4312 579 4365 eta
595 4310 750 4370 duserebat.
767 4313 812 4364 aec
831 4327 861 4363 or
880 4313 956 4364 atteri
974 4314 1185 4366 adhortationem
1202 4313 1330 4374 instituit,
1347 4330 1397 4366 con
1415 4318 1490 4382 quasi
1504 4318 1569 4371 itiud

245 4399 328 4452 attare
342 4396 438 4449 matore
456 4394 507 4446 ace
518 4392 624 4458 dignm
642 4395 746 4458 pataret
762 4405 841 4456 quam
859 4394 1001 4456 evangelia,
1017 4408 1101 4458 neque
1114 4396 1178 4460 quia
1195 4394 1275 4445 rerba
1290 4394 1324 4445 nn
1342 4395 1437 4460 scripta
1451 4398 1569 4462 digniora

247 4482 336 4531 casem
352 4492 383 4529 ac
402 4474 570 4542 praeclariora
588 4472 693 4524 vocibus
711 4472 908 4537 prophetarum,
928 4472 972 4523 sed
990 4473 1052 4539 quia
1071 4475 1104 4525 ad
1127 4475 1239 4525 Graecos
1257 4473 1420 4539 loquebatur.
1439 4478 1486 4542 qui
1504 4477 1569 4530 nihii

247 4564 392 4610 nostrarum
406 4570 493 4608 rerum
505 4553 652 4611 credebam,
665 4568 681 4602 a
694 4551 841 4603 domesticis
856 4566 944 4603 eorum
959 4553 1095 4604 sententiis
1113 4567 1157 4604 eos
1175 4553 1283 4604 adortus
1303 4559 1352 4605 est.
1373 4557 1428 4606 iioc
1444 4562 1483 4607 cst
1498 4558 1569 4623 quod

246 4637 310 4690 diti!
327 4657 334 4689 τ
349 4638 432 4689 tactae
445 4650 502 4687 tum
517 4639 570 4692 τοῖς
586 4634 729 4706 hinniens
745 4633 834 4695 ἄνομος
850 4648 874 4683 ν.
893 4634 949 4691 Qua
964 4634 1097 4685 occanoae
1117 4633 1200 4699 posita
1220 4633 1256 4683 sit
1276 4632 1320 4683 itia
1339 4635 1481 4700 inscriptio,
1498 4637 1569 4690 varta

247 4715 367 4768 reiercat
377 4714 501 4768 isidam
516 4714 641 4781 petuaiota
652 4715 701 4779 (ep.
718 4714 789 4774 aaa
804 4715 839 4764 n.
853 4714 964 4774 rann,
975 4718 1002 4765 et
1015 4715 1042 4764 in
1058 4715 1134 4778 cati,
1151 4713 1213 4764 itera
1231 4716 1290 4765 Oce.
1310 4715 1427 4779 aaroni.
