<?xml version="1.0" encoding="UTF-8"?>
<!DOCTYPE html PUBLIC "-//W3C//DTD XHTML 1.0 Transitional//EN"
    "http://www.w3.org/TR/xhtml1/DTD/xhtml1-transitional.dtd">
<html xmlns="http://www.w3.org/1999/xhtml" xml:lang="en" lang="en">
 <head>
  <title>
</title>
<meta http-equiv="Content-Type" content="text/html;charset=utf-8" />
  <meta name='ocr-system' content='tesseract 3.04.00' />
  <meta name='ocr-capabilities' content='ocr_page ocr_carea ocr_par ocr_line ocrx_word'/>
</head>
<body>
  <div class='ocr_page' id='page_1' title='image "./commentariusina00knabgoog/commentariusina00knabgoog_0122.png"; bbox 0 0 4154 5452; ppageno 0'>
   <div class='ocr_carea' id='block_1_1' title="bbox 1063 300 1863 415">
    <p class='ocr_par' dir='ltr' id='par_1_1' title="bbox 1063 300 1863 415">
     <span class='ocr_line' id='line_1_1' title="bbox 1063 300 1863 415; baseline -0.001 -12"><span class='ocrx_word' id='word_1_1' title='bbox 1063 300 1148 403; x_wconf 42' lang='lat' dir='ltr'><strong>&#39;aa</strong></span> <span class='ocrx_word' id='word_1_2' title='bbox 1171 342 1310 415; x_wconf 67' lang='lat' dir='ltr'><strong>ean-ia</strong></span> <span class='ocrx_word' id='word_1_3' title='bbox 1823 343 1863 402; x_wconf 84' lang='lat'><strong>99</strong></span> 
     </span>
    </p>
   </div>
   <div class='ocr_carea' id='block_1_2' title="bbox 537 488 1955 1220">
    <p class='ocr_par' dir='ltr' id='par_1_2' title="bbox 537 488 1955 1220">
     <span class='ocr_line' id='line_1_2' title="bbox 539 488 1883 583; baseline 0.002 -25"><span class='ocrx_word' id='word_1_4' title='bbox 539 492 626 559; x_wconf 91' lang='lat' dir='ltr'><strong>lium</strong></span> <span class='ocrx_word' id='word_1_5' title='bbox 650 489 748 583; x_wconf 89' lang='lat' dir='ltr'><strong>apud</strong></span> <span class='ocrx_word' id='word_1_6' title='bbox 768 489 856 559; x_wconf 90' lang='lat' dir='ltr'><strong>alios</strong></span> <span class='ocrx_word' id='word_1_7' title='bbox 877 493 1027 560; x_wconf 81' lang='lat' dir='ltr'><strong>maxima</strong></span> <span class='ocrx_word' id='word_1_8' title='bbox 1053 488 1303 557; x_wconf 86' lang='lat' dir='ltr'><strong>conciliabatur</strong></span> <span class='ocrx_word' id='word_1_9' title='bbox 1322 489 1512 557; x_wconf 86' lang='lat' dir='ltr'><strong>reverentia</strong></span> <span class='ocrx_word' id='word_1_10' title='bbox 1535 495 1569 556; x_wconf 91' lang='lat' dir='ltr'><strong>et</strong></span> <span class='ocrx_word' id='word_1_11' title='bbox 1590 491 1792 577; x_wconf 87' lang='lat' dir='ltr'><strong>auctoritas,</strong></span> <span class='ocrx_word' id='word_1_12' title='bbox 1811 492 1883 561; x_wconf 88' lang='lat' dir='ltr'><strong>ita</strong></span> 
     </span>
     <span class='ocr_line' id='line_1_3' title="bbox 538 594 1862 686; baseline -0.001 -19"><span class='ocrx_word' id='word_1_13' title='bbox 538 603 578 667; x_wconf 90' lang='lat' dir='ltr'><strong>ut</strong></span> <span class='ocrx_word' id='word_1_14' title='bbox 601 600 676 666; x_wconf 92' lang='lat' dir='ltr'><strong>sine</strong></span> <span class='ocrx_word' id='word_1_15' title='bbox 699 595 775 663; x_wconf 89' lang='lat' dir='ltr'><strong>ullo</strong></span> <span class='ocrx_word' id='word_1_16' title='bbox 804 597 984 667; x_wconf 88' lang='lat' dir='ltr'><strong>obstaculo</strong></span> <span class='ocrx_word' id='word_1_17' title='bbox 1011 595 1115 663; x_wconf 91' lang='lat' dir='ltr'><strong>etiam</strong></span> <span class='ocrx_word' id='word_1_18' title='bbox 1134 594 1172 662; x_wconf 92' lang='lat' dir='ltr'><strong>in</strong></span> <span class='ocrx_word' id='word_1_19' title='bbox 1200 595 1328 686; x_wconf 90' lang='lat' dir='ltr'><strong>templo</strong></span> <span class='ocrx_word' id='word_1_20' title='bbox 1350 618 1385 664; x_wconf 89' lang='lat' dir='ltr'><strong>se</strong></span> <span class='ocrx_word' id='word_1_21' title='bbox 1411 616 1623 683; x_wconf 83' lang='lat' dir='ltr'><strong>congregare</strong></span> <span class='ocrx_word' id='word_1_22' title='bbox 1646 604 1802 686; x_wconf 87' lang='lat' dir='ltr'><strong>possent;</strong></span> <span class='ocrx_word' id='word_1_23' title='bbox 1830 612 1862 666; x_wconf 87' lang='lat' dir='ltr'><strong>et</strong></span> 
     </span>
     <span class='ocr_line' id='line_1_4' title="bbox 538 701 1863 794; baseline 0 -22"><span class='ocrx_word' id='word_1_24' title='bbox 538 719 638 772; x_wconf 84' lang='lat' dir='ltr'><strong>erant</strong></span> <span class='ocrx_word' id='word_1_25' title='bbox 659 702 875 772; x_wconf 81' lang='lat' dir='ltr'><strong>unanimiter</strong></span> <span class='ocrx_word' id='word_1_26' title='bbox 889 724 1006 771; x_wconf 79' lang='lat' dir='ltr'><strong>omnes</strong></span> <span class='ocrx_word' id='word_1_27' title='bbox 1027 701 1066 768; x_wconf 83' lang='lat' dir='ltr'><strong>in</strong></span> <span class='ocrx_word' id='word_1_28' title='bbox 1078 703 1217 792; x_wconf 83' lang='lat' dir='ltr'><strong>porticu</strong></span> <span class='ocrx_word' id='word_1_29' title='bbox 1231 702 1446 789; x_wconf 56' lang='lat' dir='ltr'><strong>Summarum·</strong></span> <span class='ocrx_word' id='word_1_30' title='bbox 1463 703 1507 771; x_wconf 89' lang='lat' dir='ltr'><strong>cl.</strong></span> <span class='ocrx_word' id='word_1_31' title='bbox 1526 707 1625 787; x_wconf 83' lang='lat'><strong>3,11;</strong></span> <span class='ocrx_word' id='word_1_32' title='bbox 1639 701 1683 769; x_wconf 92' lang='lat' dir='ltr'><strong>de</strong></span> <span class='ocrx_word' id='word_1_33' title='bbox 1696 705 1863 794; x_wconf 89' lang='lat' dir='ltr'><strong>apostolis</strong></span> 
     </span>
     <span class='ocr_line' id='line_1_5' title="bbox 537 801 1955 900; baseline -0.001 -23"><span class='ocrx_word' id='word_1_34' title='bbox 537 811 572 877; x_wconf 91' lang='lat' dir='ltr'><strong>id</strong></span> <span class='ocrx_word' id='word_1_35' title='bbox 592 811 663 878; x_wconf 90' lang='lat' dir='ltr'><strong>dici</strong></span> <span class='ocrx_word' id='word_1_36' title='bbox 680 816 734 876; x_wconf 89' lang='lat' dir='ltr'><strong>sat</strong></span> <span class='ocrx_word' id='word_1_37' title='bbox 748 811 848 880; x_wconf 91' lang='lat' dir='ltr'><strong>multi</strong></span> <span class='ocrx_word' id='word_1_38' title='bbox 867 812 1008 878; x_wconf 86' lang='lat' dir='ltr'><strong>censent</strong></span> <span class='ocrx_word' id='word_1_39' title='bbox 1025 806 1121 897; x_wconf 86' lang='lat' dir='ltr'><strong>(Cbr.</strong></span> <span class='ocrx_word' id='word_1_40' title='bbox 1141 811 1219 878; x_wconf 88' lang='lat' dir='ltr'><strong>Oee.</strong></span> <span class='ocrx_word' id='word_1_41' title='bbox 1239 809 1384 900; x_wconf 80' lang='lat' dir='ltr'><strong>Tbeopb.</strong></span> <span class='ocrx_word' id='word_1_42' title='bbox 1404 809 1512 878; x_wconf 85' lang='lat' dir='ltr'><strong>Salm.</strong></span> <span class='ocrx_word' id='word_1_43' title='bbox 1532 813 1617 899; x_wconf 83' lang='lat' dir='ltr'><strong>Lep.</strong></span> <span class='ocrx_word' id='word_1_44' title='bbox 1637 808 1746 879; x_wconf 83' lang='lat' dir='ltr'><strong>Calm.</strong></span> <span class='ocrx_word' id='word_1_45' title='bbox 1763 811 1860 878; x_wconf 87' lang='lat' dir='ltr'><strong>Patr.</strong></span> <span class='ocrx_word' id='word_1_46' title='bbox 1951 801 1955 810; x_wconf 75' lang='grc'><strong>’</strong></span> 
     </span>
     <span class='ocr_line' id='line_1_6' title="bbox 537 914 1860 1006; baseline 0.002 -23"><span class='ocrx_word' id='word_1_47' title='bbox 537 915 667 1006; x_wconf 56' lang='lat' dir='ltr'><strong>utta),</strong></span> <span class='ocrx_word' id='word_1_48' title='bbox 695 916 759 985; x_wconf 92' lang='lat' dir='ltr'><strong>alii</strong></span> <span class='ocrx_word' id='word_1_49' title='bbox 787 924 904 986; x_wconf 91' lang='lat' dir='ltr'><strong>autem</strong></span> <span class='ocrx_word' id='word_1_50' title='bbox 929 914 973 981; x_wconf 91' lang='lat' dir='ltr'><strong>de</strong></span> <span class='ocrx_word' id='word_1_51' title='bbox 997 915 1160 1004; x_wconf 87' lang='lat' dir='ltr'><strong>apostolis</strong></span> <span class='ocrx_word' id='word_1_52' title='bbox 1183 923 1217 983; x_wconf 89' lang='lat' dir='ltr'><strong>et</strong></span> <span class='ocrx_word' id='word_1_53' title='bbox 1235 915 1395 984; x_wconf 87' lang='lat' dir='ltr'><strong>fidelibus</strong></span> <span class='ocrx_word' id='word_1_54' title='bbox 1414 916 1503 1006; x_wconf 83' lang='lat' dir='ltr'><strong>(Cei.</strong></span> <span class='ocrx_word' id='word_1_55' title='bbox 1524 915 1615 983; x_wconf 77' lang='lat' dir='ltr'><strong>Brel.</strong></span> <span class='ocrx_word' id='word_1_56' title='bbox 1638 914 1750 1002; x_wconf 80' lang='lat' dir='ltr'><strong>Habe,</strong></span> <span class='ocrx_word' id='word_1_57' title='bbox 1772 915 1860 985; x_wconf 83' lang='lat' dir='ltr'><strong>Fel.</strong></span> 
     </span>
     <span class='ocr_line' id='line_1_7' title="bbox 546 1021 1864 1116; baseline -0.001 -27"><span class='ocrx_word' id='word_1_58' title='bbox 546 1022 687 1110; x_wconf 77' lang='lat' dir='ltr'><strong>Wandt,</strong></span> <span class='ocrx_word' id='word_1_59' title='bbox 710 1023 793 1116; x_wconf 73' lang='lat' dir='ltr'><strong>BL),</strong></span> <span class='ocrx_word' id='word_1_60' title='bbox 809 1023 848 1090; x_wconf 94' lang='lat' dir='ltr'><strong>id</strong></span> <span class='ocrx_word' id='word_1_61' title='bbox 867 1021 962 1111; x_wconf 90' lang='lat' dir='ltr'><strong>quod</strong></span> <span class='ocrx_word' id='word_1_62' title='bbox 976 1043 1098 1089; x_wconf 88' lang='lat' dir='ltr'><strong>verum</strong></span> <span class='ocrx_word' id='word_1_63' title='bbox 1117 1044 1189 1090; x_wconf 88' lang='lat' dir='ltr'><strong>esse</strong></span> <span class='ocrx_word' id='word_1_64' title='bbox 1204 1021 1349 1104; x_wconf 90' lang='lat' dir='ltr'><strong>videtur,</strong></span> <span class='ocrx_word' id='word_1_65' title='bbox 1369 1044 1447 1089; x_wconf 93' lang='lat' dir='ltr'><strong>cum</strong></span> <span class='ocrx_word' id='word_1_66' title='bbox 1460 1022 1723 1090; x_wconf 83' lang='lat' dir='ltr'><strong>dicaturomnes</strong></span> <span class='ocrx_word' id='word_1_67' title='bbox 1736 1021 1864 1090; x_wconf 82' lang='lat' dir='ltr'><strong>unani·</strong></span> 
     </span>
     <span class='ocr_line' id='line_1_8' title="bbox 537 1128 1861 1220; baseline 0.001 -23"><span class='ocrx_word' id='word_1_68' title='bbox 537 1129 640 1198; x_wconf 86' lang='lat' dir='ltr'><strong>miter</strong></span> <span class='ocrx_word' id='word_1_69' title='bbox 658 1131 755 1220; x_wconf 92' lang='lat' dir='ltr'><strong>quod</strong></span> <span class='ocrx_word' id='word_1_70' title='bbox 780 1129 824 1195; x_wconf 93' lang='lat' dir='ltr'><strong>de</strong></span> <span class='ocrx_word' id='word_1_71' title='bbox 845 1128 926 1195; x_wconf 84' lang='lat' dir='ltr'><strong>solis</strong></span> <span class='ocrx_word' id='word_1_72' title='bbox 952 1128 1114 1218; x_wconf 88' lang='lat' dir='ltr'><strong>apostolis</strong></span> <span class='ocrx_word' id='word_1_73' title='bbox 1133 1128 1245 1196; x_wconf 82' lang='lat' dir='ltr'><strong>efferri</strong></span> <span class='ocrx_word' id='word_1_74' title='bbox 1263 1129 1416 1218; x_wconf 80' lang='lat' dir='ltr'><strong>prolecto</strong></span> <span class='ocrx_word' id='word_1_75' title='bbox 1434 1128 1663 1196; x_wconf 87' lang='lat' dir='ltr'><strong>necessarium</strong></span> <span class='ocrx_word' id='word_1_76' title='bbox 1681 1150 1751 1196; x_wconf 90' lang='lat' dir='ltr'><strong>non</strong></span> <span class='ocrx_word' id='word_1_77' title='bbox 1773 1135 1861 1200; x_wconf 89' lang='lat' dir='ltr'><strong>erat.</strong></span> 
     </span>
    </p>
   </div>
   <div class='ocr_carea' id='block_1_3' title="bbox 401 1225 1862 1319">
    <p class='ocr_par' dir='ltr' id='par_1_3' title="bbox 401 1225 1862 1319">
     <span class='ocr_line' id='line_1_9' title="bbox 401 1225 1862 1319; baseline -0.001 -14"><span class='ocrx_word' id='word_1_78' title='bbox 401 1225 407 1236; x_wconf 67' lang='grc'>’</span> <span class='ocrx_word' id='word_1_79' title='bbox 535 1241 735 1305; x_wconf 80' lang='lat' dir='ltr'><strong>Sermonem</strong></span> <span class='ocrx_word' id='word_1_80' title='bbox 756 1256 828 1302; x_wconf 86' lang='lat' dir='ltr'><strong>esse</strong></span> <span class='ocrx_word' id='word_1_81' title='bbox 845 1233 888 1301; x_wconf 91' lang='lat' dir='ltr'><strong>de</strong></span> <span class='ocrx_word' id='word_1_82' title='bbox 905 1233 1081 1319; x_wconf 88' lang='lat' dir='ltr'><strong>fidelibus,</strong></span> <span class='ocrx_word' id='word_1_83' title='bbox 1098 1233 1260 1301; x_wconf 77' lang='lat' dir='ltr'><strong>suadetur</strong></span> <span class='ocrx_word' id='word_1_84' title='bbox 1273 1236 1376 1302; x_wconf 86' lang='lat' dir='ltr'><strong>etiam</strong></span> <span class='ocrx_word' id='word_1_85' title='bbox 1390 1226 1431 1300; x_wconf 80' lang='lat' dir='ltr'><strong>ex</strong></span> <span class='ocrx_word' id='word_1_86' title='bbox 1442 1257 1474 1302; x_wconf 87' lang='lat' dir='ltr'><strong>v.</strong></span> <span class='ocrx_word' id='word_1_87' title='bbox 1490 1239 1531 1302; x_wconf 82' lang='lat'><strong>13</strong></span> <span class='ocrx_word' id='word_1_88' title='bbox 1543 1246 1731 1302; x_wconf 82' lang='lat' dir='ltr'><strong>ceterorum</strong></span> <span class='ocrx_word' id='word_1_89' title='bbox 1745 1248 1862 1304; x_wconf 85' lang='lat' dir='ltr'><strong>autem</strong></span> 
     </span>
    </p>
   </div>
   <div class='ocr_carea' id='block_1_4' title="bbox 529 1339 1876 4834">
    <p class='ocr_par' dir='ltr' id='par_1_4' title="bbox 532 1339 1862 2388">
     <span class='ocr_line' id='line_1_10' title="bbox 535 1339 1862 1430; baseline 0 -19"><span class='ocrx_word' id='word_1_90' title='bbox 535 1365 635 1411; x_wconf 82' lang='lat' dir='ltr'><strong>memo</strong></span> <span class='ocrx_word' id='word_1_91' title='bbox 657 1339 810 1408; x_wconf 80' lang='lat' dir='ltr'><em>audebat</em></span> <span class='ocrx_word' id='word_1_92' title='bbox 829 1362 865 1407; x_wconf 82' lang='lat' dir='ltr'><strong>ae</strong></span> <span class='ocrx_word' id='word_1_93' title='bbox 891 1341 1102 1430; x_wconf 73' lang='lat' dir='ltr'><strong>coniunpere</strong></span> <span class='ocrx_word' id='word_1_94' title='bbox 1123 1339 1215 1426; x_wconf 62' lang='lat' dir='ltr'><strong>illie·</strong></span> <span class='ocrx_word' id='word_1_95' title='bbox 1232 1339 1287 1407; x_wconf 90' lang='lat' dir='ltr'><strong>isti</strong></span> <span class='ocrx_word' id='word_1_96' title='bbox 1307 1340 1399 1407; x_wconf 92' lang='lat' dir='ltr'><strong>enim</strong></span> <span class='ocrx_word' id='word_1_97' title='bbox 1417 1339 1520 1407; x_wconf 87' lang='lat' dir='ltr'><strong>ceteri</strong></span> <span class='ocrx_word' id='word_1_98' title='bbox 1542 1362 1614 1408; x_wconf 93' lang='lat' dir='ltr'><strong>non</strong></span> <span class='ocrx_word' id='word_1_99' title='bbox 1632 1346 1712 1409; x_wconf 90' lang='lat' dir='ltr'><strong>sunt</strong></span> <span class='ocrx_word' id='word_1_100' title='bbox 1727 1341 1862 1427; x_wconf 87' lang='lat' dir='ltr'><strong>fideles,</strong></span> 
     </span>
     <span class='ocr_line' id='line_1_11' title="bbox 535 1445 1857 1537; baseline -0.001 -20"><span class='ocrx_word' id='word_1_101' title='bbox 535 1448 597 1517; x_wconf 86' lang='lat' dir='ltr'><strong>sed</strong></span> <span class='ocrx_word' id='word_1_102' title='bbox 619 1447 749 1537; x_wconf 81' lang='lat' dir='ltr'><strong>reliqui</strong></span> <span class='ocrx_word' id='word_1_103' title='bbox 776 1469 822 1515; x_wconf 86' lang='lat' dir='ltr'><strong>ex</strong></span> <span class='ocrx_word' id='word_1_104' title='bbox 850 1447 954 1537; x_wconf 90' lang='lat' dir='ltr'><strong>plebe</strong></span> <span class='ocrx_word' id='word_1_105' title='bbox 979 1446 1041 1537; x_wconf 93' lang='lat' dir='ltr'><strong>qui</strong></span> <span class='ocrx_word' id='word_1_106' title='bbox 1060 1445 1217 1513; x_wconf 92' lang='lat' dir='ltr'><strong>nondum</strong></span> <span class='ocrx_word' id='word_1_107' title='bbox 1235 1447 1286 1513; x_wconf 89' lang='lat' dir='ltr'><strong>rei</strong></span> <span class='ocrx_word' id='word_1_108' title='bbox 1309 1445 1511 1514; x_wconf 77' lang='lat' dir='ltr'><strong>christianae</strong></span> <span class='ocrx_word' id='word_1_109' title='bbox 1531 1467 1660 1514; x_wconf 89' lang='lat' dir='ltr'><strong>nomen</strong></span> <span class='ocrx_word' id='word_1_110' title='bbox 1680 1446 1857 1528; x_wconf 86' lang='lat' dir='ltr'><strong>dederant,</strong></span> 
     </span>
     <span class='ocr_line' id='line_1_12' title="bbox 535 1550 1862 1644; baseline 0.002 -23"><span class='ocrx_word' id='word_1_111' title='bbox 535 1554 597 1644; x_wconf 90' lang='lat' dir='ltr'><strong>qui</strong></span> <span class='ocrx_word' id='word_1_112' title='bbox 615 1576 688 1621; x_wconf 89' lang='lat' dir='ltr'><strong>non</strong></span> <span class='ocrx_word' id='word_1_113' title='bbox 706 1552 887 1621; x_wconf 88' lang='lat' dir='ltr'><strong>audebant</strong></span> <span class='ocrx_word' id='word_1_114' title='bbox 904 1552 993 1635; x_wconf 83' lang='lat' dir='ltr'><strong>iltis,</strong></span> <span class='ocrx_word' id='word_1_115' title='bbox 1008 1552 1082 1622; x_wconf 90' lang='lat' dir='ltr'><strong>scil.</strong></span> <span class='ocrx_word' id='word_1_116' title='bbox 1099 1552 1261 1620; x_wconf 90' lang='lat' dir='ltr'><strong>omnibus</strong></span> <span class='ocrx_word' id='word_1_117' title='bbox 1277 1553 1314 1620; x_wconf 94' lang='lat' dir='ltr'><strong>in</strong></span> <span class='ocrx_word' id='word_1_118' title='bbox 1331 1576 1364 1620; x_wconf 86' lang='lat' dir='ltr'><strong>v.</strong></span> <span class='ocrx_word' id='word_1_119' title='bbox 1383 1558 1425 1620; x_wconf 74' lang='lat'><strong>12</strong></span> <span class='ocrx_word' id='word_1_120' title='bbox 1442 1551 1467 1621; x_wconf 94' lang='lat' dir='ltr'><strong>i.</strong></span> <span class='ocrx_word' id='word_1_121' title='bbox 1486 1575 1517 1620; x_wconf 92' lang='lat' dir='ltr'><strong>e.</strong></span> <span class='ocrx_word' id='word_1_122' title='bbox 1533 1550 1712 1637; x_wconf 82' lang='lat' dir='ltr'><strong>fidelibus,</strong></span> <span class='ocrx_word' id='word_1_123' title='bbox 1729 1576 1765 1621; x_wconf 84' lang='lat' dir='ltr'><strong>se</strong></span> <span class='ocrx_word' id='word_1_124' title='bbox 1776 1577 1862 1623; x_wconf 90' lang='lat' dir='ltr'><strong>con·</strong></span> 
     </span>
     <span class='ocr_line' id='line_1_13' title="bbox 533 1658 1858 1749; baseline 0.002 -21"><span class='ocrx_word' id='word_1_125' title='bbox 533 1660 682 1747; x_wconf 82' lang='lat' dir='ltr'><strong>iungere</strong></span> <span class='ocrx_word' id='word_1_126' title='bbox 702 1666 887 1746; x_wconf 72' lang='grc' dir='ltr'><strong>κελλᾶσθαι,</strong></span> <span class='ocrx_word' id='word_1_127' title='bbox 916 1687 933 1723; x_wconf 81' lang='lat' dir='ltr'><strong>u</strong></span> <span class='ocrx_word' id='word_1_128' title='bbox 957 1680 994 1727; x_wconf 88' lang='lat' dir='ltr'><strong>se</strong></span> <span class='ocrx_word' id='word_1_129' title='bbox 1015 1658 1205 1747; x_wconf 82' lang='lat' dir='ltr'><strong>adiungere</strong></span> <span class='ocrx_word' id='word_1_130' title='bbox 1223 1660 1357 1749; x_wconf 84' lang='lat' dir='ltr'><strong>saepius</strong></span> <span class='ocrx_word' id='word_1_131' title='bbox 1369 1658 1406 1727; x_wconf 91' lang='lat' dir='ltr'><strong>in</strong></span> <span class='ocrx_word' id='word_1_132' title='bbox 1421 1664 1494 1727; x_wconf 81' lang='lat' dir='ltr'><strong>Aet.</strong></span> <span class='ocrx_word' id='word_1_133' title='bbox 1512 1664 1609 1745; x_wconf 59' lang='lat'><strong>&amp;293</strong></span> <span class='ocrx_word' id='word_1_134' title='bbox 1624 1665 1720 1743; x_wconf 73' lang='lat'><strong>9,26;</strong></span> <span class='ocrx_word' id='word_1_135' title='bbox 1740 1667 1858 1744; x_wconf 63' lang='lat' dir='ltr'><strong>aar&amp;</strong></span> 
     </span>
     <span class='ocr_line' id='line_1_14' title="bbox 535 1764 1858 1857; baseline -0.001 -21"><span class='ocrx_word' id='word_1_136' title='bbox 535 1766 595 1836; x_wconf 89' lang='lat' dir='ltr'><strong>sed</strong></span> <span class='ocrx_word' id='word_1_137' title='bbox 620 1767 678 1834; x_wconf 93' lang='lat' dir='ltr'><strong>hic</strong></span> <span class='ocrx_word' id='word_1_138' title='bbox 706 1787 714 1837; x_wconf 93' lang='lat'><strong>:</strong></span> <span class='ocrx_word' id='word_1_139' title='bbox 737 1789 773 1835; x_wconf 82' lang='lat' dir='ltr'><strong>se</strong></span> <span class='ocrx_word' id='word_1_140' title='bbox 794 1766 844 1835; x_wconf 81' lang='lat' dir='ltr'><strong>eis</strong></span> <span class='ocrx_word' id='word_1_141' title='bbox 865 1764 1056 1834; x_wconf 82' lang='lat' dir='ltr'><strong>immiscere</strong></span> <span class='ocrx_word' id='word_1_142' title='bbox 1075 1765 1113 1833; x_wconf 92' lang='lat' dir='ltr'><strong>in</strong></span> <span class='ocrx_word' id='word_1_143' title='bbox 1137 1764 1271 1855; x_wconf 88' lang='lat' dir='ltr'><strong>porticu</strong></span> <span class='ocrx_word' id='word_1_144' title='bbox 1295 1767 1510 1854; x_wconf 82' lang='lat' dir='ltr'><strong>congregatis</strong></span> <span class='ocrx_word' id='word_1_145' title='bbox 1527 1766 1552 1833; x_wconf 94' lang='lat' dir='ltr'><strong>i.</strong></span> <span class='ocrx_word' id='word_1_146' title='bbox 1573 1787 1604 1836; x_wconf 89' lang='lat' dir='ltr'><strong>e.</strong></span> <span class='ocrx_word' id='word_1_147' title='bbox 1626 1765 1858 1857; x_wconf 83' lang='lat' dir='ltr'><strong>interpellare,</strong></span> 
     </span>
     <span class='ocr_line' id='line_1_15' title="bbox 533 1870 1860 1964; baseline 0.001 -22"><span class='ocrx_word' id='word_1_148' title='bbox 533 1897 658 1942; x_wconf 76' lang='lat' dir='ltr'><strong>cenare</strong></span> <span class='ocrx_word' id='word_1_149' title='bbox 683 1901 700 1935; x_wconf 85' lang='lat'>»</span> <span class='ocrx_word' id='word_1_150' title='bbox 728 1871 832 1964; x_wconf 76' lang='lat' dir='ltr'><strong>(Bt.);</strong></span> <span class='ocrx_word' id='word_1_151' title='bbox 858 1872 920 1941; x_wconf 91' lang='lat' dir='ltr'><strong>alii</strong></span> <span class='ocrx_word' id='word_1_152' title='bbox 935 1878 1050 1957; x_wconf 87' lang='lat' dir='ltr'><strong>tamen</strong></span> <span class='ocrx_word' id='word_1_153' title='bbox 1078 1893 1197 1939; x_wconf 87' lang='lat' dir='ltr'><strong>vocem</strong></span> <span class='ocrx_word' id='word_1_154' title='bbox 1219 1870 1393 1962; x_wconf 91' lang='lat' dir='ltr'><strong>accipiunt</strong></span> <span class='ocrx_word' id='word_1_155' title='bbox 1411 1872 1453 1940; x_wconf 90' lang='lat' dir='ltr'><strong>de</strong></span> <span class='ocrx_word' id='word_1_156' title='bbox 1470 1871 1636 1940; x_wconf 82' lang='lat' dir='ltr'><strong>familiari</strong></span> <span class='ocrx_word' id='word_1_157' title='bbox 1655 1874 1860 1943; x_wconf 90' lang='lat' dir='ltr'><strong>commercio</strong></span> 
     </span>
     <span class='ocr_line' id='line_1_16' title="bbox 534 1976 1861 2071; baseline -0.001 -23"><span class='ocrx_word' id='word_1_158' title='bbox 534 1979 640 2071; x_wconf 79' lang='lat' dir='ltr'><strong>(Brel.</strong></span> <span class='ocrx_word' id='word_1_159' title='bbox 667 1981 767 2047; x_wconf 84' lang='lat' dir='ltr'><strong>Patr.</strong></span> <span class='ocrx_word' id='word_1_160' title='bbox 789 1976 879 2047; x_wconf 83' lang='lat' dir='ltr'><strong>Felt.</strong></span> <span class='ocrx_word' id='word_1_161' title='bbox 904 1977 1056 2065; x_wconf 84' lang='lat' dir='ltr'><strong>Grimm,</strong></span> <span class='ocrx_word' id='word_1_162' title='bbox 1078 1977 1203 2061; x_wconf 77' lang='lat' dir='ltr'><strong>Leria,</strong></span> <span class='ocrx_word' id='word_1_163' title='bbox 1221 1976 1345 2067; x_wconf 57' lang='lat' dir='ltr'><strong>utta).</strong></span> <span class='ocrx_word' id='word_1_164' title='bbox 1362 1981 1555 2068; x_wconf 81' lang='lat' dir='ltr'><strong>inutraque</strong></span> <span class='ocrx_word' id='word_1_165' title='bbox 1569 1980 1769 2068; x_wconf 89' lang='lat' dir='ltr'><strong>acceptione</strong></span> <span class='ocrx_word' id='word_1_166' title='bbox 1780 1979 1861 2047; x_wconf 85' lang='lat' dir='ltr'><strong>satis</strong></span> 
     </span>
     <span class='ocr_line' id='line_1_17' title="bbox 534 2082 1857 2174; baseline 0 -21"><span class='ocrx_word' id='word_1_167' title='bbox 534 2086 669 2153; x_wconf 89' lang='lat' dir='ltr'><strong>clarum</strong></span> <span class='ocrx_word' id='word_1_168' title='bbox 686 2091 750 2169; x_wconf 90' lang='lat' dir='ltr'><strong>est,</strong></span> <span class='ocrx_word' id='word_1_169' title='bbox 773 2106 842 2152; x_wconf 89' lang='lat' dir='ltr'><strong>non</strong></span> <span class='ocrx_word' id='word_1_170' title='bbox 858 2084 918 2172; x_wconf 81' lang='lat' dir='ltr'><strong>agi</strong></span> <span class='ocrx_word' id='word_1_171' title='bbox 933 2083 976 2150; x_wconf 92' lang='lat' dir='ltr'><strong>de</strong></span> <span class='ocrx_word' id='word_1_172' title='bbox 989 2082 1095 2152; x_wconf 88' lang='lat' dir='ltr'><strong>modo</strong></span> <span class='ocrx_word' id='word_1_173' title='bbox 1113 2106 1182 2173; x_wconf 88' lang='lat' dir='ltr'><strong>quo</strong></span> <span class='ocrx_word' id='word_1_174' title='bbox 1195 2082 1312 2151; x_wconf 89' lang='lat' dir='ltr'><strong>fideles</strong></span> <span class='ocrx_word' id='word_1_175' title='bbox 1325 2104 1406 2171; x_wconf 82' lang='lat' dir='ltr'><strong>erga</strong></span> <span class='ocrx_word' id='word_1_176' title='bbox 1422 2083 1592 2174; x_wconf 87' lang='lat' dir='ltr'><strong>apostolos</strong></span> <span class='ocrx_word' id='word_1_177' title='bbox 1605 2105 1641 2151; x_wconf 88' lang='lat' dir='ltr'><strong>se</strong></span> <span class='ocrx_word' id='word_1_178' title='bbox 1655 2084 1857 2171; x_wconf 83' lang='lat' dir='ltr'><strong>habuerint,</strong></span> 
     </span>
     <span class='ocr_line' id='line_1_18' title="bbox 532 2188 1857 2283; baseline 0 -23"><span class='ocrx_word' id='word_1_179' title='bbox 532 2191 594 2261; x_wconf 87' lang='lat' dir='ltr'><strong>sed</strong></span> <span class='ocrx_word' id='word_1_180' title='bbox 613 2190 762 2283; x_wconf 88' lang='lat' dir='ltr'><strong>exprimi</strong></span> <span class='ocrx_word' id='word_1_181' title='bbox 777 2212 848 2281; x_wconf 88' lang='lat' dir='ltr'><strong>qua</strong></span> <span class='ocrx_word' id='word_1_182' title='bbox 860 2189 1056 2258; x_wconf 88' lang='lat' dir='ltr'><strong>reverentia</strong></span> <span class='ocrx_word' id='word_1_183' title='bbox 1069 2189 1181 2257; x_wconf 90' lang='lat' dir='ltr'><strong>hahiti</strong></span> <span class='ocrx_word' id='word_1_184' title='bbox 1196 2190 1265 2256; x_wconf 91' lang='lat' dir='ltr'><strong>sint</strong></span> <span class='ocrx_word' id='word_1_185' title='bbox 1278 2188 1395 2258; x_wconf 86' lang='lat' dir='ltr'><strong>fideles</strong></span> <span class='ocrx_word' id='word_1_186' title='bbox 1409 2189 1502 2280; x_wconf 91' lang='lat' dir='ltr'><strong>apud</strong></span> <span class='ocrx_word' id='word_1_187' title='bbox 1515 2189 1653 2281; x_wconf 89' lang='lat' dir='ltr'><strong>plebem</strong></span> <span class='ocrx_word' id='word_1_188' title='bbox 1667 2190 1857 2282; x_wconf 86' lang='lat' dir='ltr'><strong>reliquam;</strong></span> 
     </span>
     <span class='ocr_line' id='line_1_19' title="bbox 532 2295 1706 2388; baseline -0.002 -22"><span class='ocrx_word' id='word_1_189' title='bbox 532 2296 596 2366; x_wconf 79' lang='lat' dir='ltr'><strong>sed</strong></span> <span class='ocrx_word' id='word_1_190' title='bbox 610 2297 862 2388; x_wconf 78' lang='lat' dir='ltr'><strong>maqnificabat</strong></span> <span class='ocrx_word' id='word_1_191' title='bbox 877 2319 933 2364; x_wconf 82' lang='lat' dir='ltr'><strong>eos</strong></span> <span class='ocrx_word' id='word_1_192' title='bbox 943 2295 1095 2388; x_wconf 81' lang='lat' dir='ltr'><strong>populus</strong></span> <span class='ocrx_word' id='word_1_193' title='bbox 1108 2295 1134 2365; x_wconf 88' lang='lat' dir='ltr'><strong>i.</strong></span> <span class='ocrx_word' id='word_1_194' title='bbox 1150 2317 1180 2364; x_wconf 89' lang='lat' dir='ltr'><strong>e.</strong></span> <span class='ocrx_word' id='word_1_195' title='bbox 1197 2297 1315 2384; x_wconf 74' lang='lat' dir='ltr'><strong>magni</strong></span> <span class='ocrx_word' id='word_1_196' title='bbox 1330 2295 1537 2364; x_wconf 70' lang='lat' dir='ltr'><strong>aestimabat·</strong></span> <span class='ocrx_word' id='word_1_197' title='bbox 1547 2297 1644 2387; x_wconf 77' lang='lat' dir='ltr'><strong>(Bt).</strong></span> <span class='ocrx_word' id='word_1_198' title='bbox 1704 2305 1706 2309; x_wconf 84' lang='lat'>&#39;</span> 
     </span>
    </p>

    <p class='ocr_par' dir='ltr' id='par_1_5' title="bbox 529 2402 1876 4834">
     <span class='ocr_line' id='line_1_20' title="bbox 576 2402 1859 2491; baseline -0.001 -18"><span class='ocrx_word' id='word_1_199' title='bbox 576 2405 632 2473; x_wconf 87' lang='lat' dir='ltr'><strong>Uti</strong></span> <span class='ocrx_word' id='word_1_200' title='bbox 651 2404 693 2472; x_wconf 89' lang='lat' dir='ltr'><strong>in</strong></span> <span class='ocrx_word' id='word_1_201' title='bbox 711 2427 745 2473; x_wconf 87' lang='lat' dir='ltr'><strong>v.</strong></span> <span class='ocrx_word' id='word_1_202' title='bbox 774 2410 815 2471; x_wconf 82' lang='lat'><strong>13</strong></span> <span class='ocrx_word' id='word_1_203' title='bbox 838 2424 926 2471; x_wconf 89' lang='lat' dir='ltr'><strong>nnus</strong></span> <span class='ocrx_word' id='word_1_204' title='bbox 941 2404 1084 2471; x_wconf 83' lang='lat' dir='ltr'><strong>allectus</strong></span> <span class='ocrx_word' id='word_1_205' title='bbox 1102 2402 1282 2491; x_wconf 82' lang='lat' dir='ltr'><strong>signorum</strong></span> <span class='ocrx_word' id='word_1_206' title='bbox 1300 2403 1339 2470; x_wconf 92' lang='lat' dir='ltr'><strong>in</strong></span> <span class='ocrx_word' id='word_1_207' title='bbox 1356 2402 1488 2471; x_wconf 89' lang='lat' dir='ltr'><strong>animos</strong></span> <span class='ocrx_word' id='word_1_208' title='bbox 1504 2402 1686 2472; x_wconf 91' lang='lat' dir='ltr'><strong>hominum</strong></span> <span class='ocrx_word' id='word_1_209' title='bbox 1703 2402 1859 2472; x_wconf 85' lang='lat' dir='ltr'><strong>declara-</strong></span> 
     </span>
     <span class='ocr_line' id='line_1_21' title="bbox 533 2507 1858 2600; baseline 0 -22"><span class='ocrx_word' id='word_1_210' title='bbox 533 2517 601 2593; x_wconf 85' lang='lat' dir='ltr'><strong>tur,</strong></span> <span class='ocrx_word' id='word_1_211' title='bbox 624 2511 675 2579; x_wconf 89' lang='lat' dir='ltr'><strong>ita</strong></span> <span class='ocrx_word' id='word_1_212' title='bbox 699 2509 790 2579; x_wconf 90' lang='lat' dir='ltr'><strong>alter</strong></span> <span class='ocrx_word' id='word_1_213' title='bbox 808 2508 1014 2598; x_wconf 79' lang='lat' dir='ltr'><strong>designatur</strong></span> <span class='ocrx_word' id='word_1_214' title='bbox 1034 2507 1140 2600; x_wconf 83' lang='lat' dir='ltr'><strong>(unde</strong></span> <span class='ocrx_word' id='word_1_215' title='bbox 1158 2508 1285 2576; x_wconf 89' lang='lat' dir='ltr'><strong>mirum</strong></span> <span class='ocrx_word' id='word_1_216' title='bbox 1304 2513 1354 2576; x_wconf 90' lang='lat' dir='ltr'><strong>est</strong></span> <span class='ocrx_word' id='word_1_217' title='bbox 1366 2508 1459 2576; x_wconf 91' lang='lat' dir='ltr'><strong>hunc</strong></span> <span class='ocrx_word' id='word_1_218' title='bbox 1474 2530 1610 2577; x_wconf 86' lang='lat' dir='ltr'><strong>versum</strong></span> <span class='ocrx_word' id='word_1_219' title='bbox 1624 2507 1662 2577; x_wconf 93' lang='lat' dir='ltr'><strong>in</strong></span> <span class='ocrx_word' id='word_1_220' title='bbox 1675 2514 1791 2578; x_wconf 87' lang='lat' dir='ltr'><strong>Revue</strong></span> <span class='ocrx_word' id='word_1_221' title='bbox 1804 2510 1858 2578; x_wconf 93' lang='lat' dir='ltr'><strong>bi-</strong></span> 
     </span>
     <span class='ocr_line' id='line_1_22' title="bbox 531 2613 1859 2707; baseline 0.001 -23"><span class='ocrx_word' id='word_1_222' title='bbox 531 2617 651 2707; x_wconf 87' lang='lat' dir='ltr'><strong>blique</strong></span> <span class='ocrx_word' id='word_1_223' title='bbox 676 2615 850 2684; x_wconf 89' lang='lat' dir='ltr'><strong>declarari</strong></span> <span class='ocrx_word' id='word_1_224' title='bbox 873 2638 942 2684; x_wconf 90' lang='lat' dir='ltr'><strong>une</strong></span> <span class='ocrx_word' id='word_1_225' title='bbox 963 2616 1061 2704; x_wconf 79' lang='lat' dir='ltr'><strong>glose</strong></span> <span class='ocrx_word' id='word_1_226' title='bbox 1081 2615 1308 2707; x_wconf 78' lang='lat' dir='ltr'><strong>posttrieure,</strong></span> <span class='ocrx_word' id='word_1_227' title='bbox 1329 2615 1561 2705; x_wconf 71' lang='lat' dir='ltr'><strong>teutpert)</strong></span> <span class='ocrx_word' id='word_1_228' title='bbox 1581 2613 1619 2683; x_wconf 92' lang='lat' dir='ltr'><strong>in</strong></span> <span class='ocrx_word' id='word_1_229' title='bbox 1633 2638 1666 2685; x_wconf 83' lang='lat' dir='ltr'><strong>v,</strong></span> <span class='ocrx_word' id='word_1_230' title='bbox 1683 2621 1724 2685; x_wconf 80' lang='lat' dir='ltr'><strong>u</strong></span> <span class='ocrx_word' id='word_1_231' title='bbox 1744 2617 1859 2707; x_wconf 70' lang='lat' dir='ltr'><strong>necyia</strong></span> 
     </span>
     <span class='ocr_line' id='line_1_23' title="bbox 531 2717 1856 2812; baseline -0.001 -21"><span class='ocrx_word' id='word_1_232' title='bbox 531 2735 649 2791; x_wconf 87' lang='lat' dir='ltr'><strong>autem</strong></span> <span class='ocrx_word' id='word_1_233' title='bbox 674 2724 870 2812; x_wconf 71' lang='lat' dir='ltr'><strong>armabatur</strong></span> <span class='ocrx_word' id='word_1_234' title='bbox 890 2720 1101 2791; x_wconf 76' lang='lat' dir='ltr'><strong>credentium</strong></span> <span class='ocrx_word' id='word_1_235' title='bbox 1123 2721 1161 2789; x_wconf 81' lang='lat' dir='ltr'><strong>in</strong></span> <span class='ocrx_word' id='word_1_236' title='bbox 1179 2720 1322 2788; x_wconf 83' lang='lat' dir='ltr'><strong>Domino</strong></span> <span class='ocrx_word' id='word_1_237' title='bbox 1345 2717 1530 2789; x_wconf 85' lang='lat' dir='ltr'><strong>multitudo</strong></span> <span class='ocrx_word' id='word_1_238' title='bbox 1549 2721 1702 2790; x_wconf 85' lang='lat' dir='ltr'><strong>uirorum</strong></span> <span class='ocrx_word' id='word_1_239' title='bbox 1719 2745 1761 2791; x_wconf 85' lang='lat' dir='ltr'><strong>ne</strong></span> <span class='ocrx_word' id='word_1_240' title='bbox 1779 2746 1856 2790; x_wconf 78' lang='lat' dir='ltr'><strong>nru-</strong></span> 
     </span>
     <span class='ocr_line' id='line_1_24' title="bbox 531 2826 1856 2919; baseline 0.005 -24"><span class='ocrx_word' id='word_1_241' title='bbox 531 2828 675 2911; x_wconf 85' lang='lat' dir='ltr'><strong>tierum,</strong></span> <span class='ocrx_word' id='word_1_242' title='bbox 699 2836 803 2913; x_wconf 73' lang='grc' dir='ltr'>πλήθη</span> <span class='ocrx_word' id='word_1_243' title='bbox 827 2827 939 2915; x_wconf 80' lang='lat' dir='ltr'><strong>magis</strong></span> <span class='ocrx_word' id='word_1_244' title='bbox 960 2828 1158 2917; x_wconf 82' lang='lat' dir='ltr'><strong>emphatice</strong></span> <span class='ocrx_word' id='word_1_245' title='bbox 1183 2826 1440 2895; x_wconf 88' lang='lat' dir='ltr'><strong>multitudinem</strong></span> <span class='ocrx_word' id='word_1_246' title='bbox 1462 2827 1625 2919; x_wconf 78' lang='lat' dir='ltr'><strong>explicat3</strong></span> <span class='ocrx_word' id='word_1_247' title='bbox 1649 2838 1856 2919; x_wconf 70' lang='grc' dir='ltr'>προσετίθεντο</span> 
     </span>
     <span class='ocr_line' id='line_1_25' title="bbox 531 2931 1854 3027; baseline 0.002 -25"><span class='ocrx_word' id='word_1_248' title='bbox 531 2934 817 3023; x_wconf 79' lang='lat' dir='ltr'><strong>adiungebantur</strong></span> <span class='ocrx_word' id='word_1_249' title='bbox 851 2931 1031 3001; x_wconf 87' lang='lat' dir='ltr'><strong>eredentes</strong></span> <span class='ocrx_word' id='word_1_250' title='bbox 1061 2932 1223 3015; x_wconf 86' lang='lat' dir='ltr'><strong>Domino,</strong></span> <span class='ocrx_word' id='word_1_251' title='bbox 1256 2933 1393 3024; x_wconf 86' lang='lat' dir='ltr'><strong>saepius</strong></span> <span class='ocrx_word' id='word_1_252' title='bbox 1422 2955 1534 3024; x_wconf 86' lang='lat' dir='ltr'><strong>neque</strong></span> <span class='ocrx_word' id='word_1_253' title='bbox 1560 2956 1706 3004; x_wconf 89' lang='lat' dir='ltr'><strong>numero</strong></span> <span class='ocrx_word' id='word_1_254' title='bbox 1731 2958 1854 3027; x_wconf 86' lang='lat' dir='ltr'><strong>parvo,</strong></span> 
     </span>
     <span class='ocr_line' id='line_1_26' title="bbox 531 3037 1857 3128; baseline 0.002 -20"><span class='ocrx_word' id='word_1_255' title='bbox 531 3063 652 3110; x_wconf 89' lang='lat' dir='ltr'><strong>verum</strong></span> <span class='ocrx_word' id='word_1_256' title='bbox 678 3037 932 3107; x_wconf 88' lang='lat' dir='ltr'><strong>multitudines.</strong></span> <span class='ocrx_word' id='word_1_257' title='bbox 958 3042 1041 3107; x_wconf 79' lang='lat' dir='ltr'><strong>&#39;lam</strong></span> <span class='ocrx_word' id='word_1_258' title='bbox 1062 3037 1215 3107; x_wconf 79' lang='lat' dir='ltr'><strong>efficacia</strong></span> <span class='ocrx_word' id='word_1_259' title='bbox 1242 3038 1492 3107; x_wconf 82' lang='lat' dir='ltr'><strong>exhibebantur</strong></span> <span class='ocrx_word' id='word_1_260' title='bbox 1510 3040 1610 3128; x_wconf 80' lang='lat' dir='ltr'><strong>signa</strong></span> <span class='ocrx_word' id='word_1_261' title='bbox 1628 3049 1663 3109; x_wconf 86' lang='lat' dir='ltr'><strong>et</strong></span> <span class='ocrx_word' id='word_1_262' title='bbox 1681 3042 1756 3110; x_wconf 88' lang='lat' dir='ltr'><strong>istis</strong></span> <span class='ocrx_word' id='word_1_263' title='bbox 1772 3042 1857 3112; x_wconf 83' lang='lat' dir='ltr'><strong>[ides</strong></span> 
     </span>
     <span class='ocr_line' id='line_1_27' title="bbox 531 3143 1857 3235; baseline 0.001 -19"><span class='ocrx_word' id='word_1_264' title='bbox 531 3170 573 3216; x_wconf 90' lang='lat' dir='ltr'><strong>ae</strong></span> <span class='ocrx_word' id='word_1_265' title='bbox 595 3145 808 3215; x_wconf 86' lang='lat' dir='ltr'><strong>confidentia</strong></span> <span class='ocrx_word' id='word_1_266' title='bbox 830 3143 1021 3235; x_wconf 90' lang='lat' dir='ltr'><strong>plurimum</strong></span> <span class='ocrx_word' id='word_1_267' title='bbox 1043 3144 1205 3227; x_wconf 81' lang='lat' dir='ltr'><strong>invaluit3</strong></span> <span class='ocrx_word' id='word_1_268' title='bbox 1230 3143 1324 3212; x_wconf 92' lang='lat' dir='ltr'><strong>unde</strong></span> <span class='ocrx_word' id='word_1_269' title='bbox 1346 3146 1494 3213; x_wconf 78' lang='lat' dir='ltr'><strong>refertur</strong></span> <span class='ocrx_word' id='word_1_270' title='bbox 1512 3146 1634 3214; x_wconf 86' lang='lat' dir='ltr'><strong>tertius</strong></span> <span class='ocrx_word' id='word_1_271' title='bbox 1650 3148 1792 3217; x_wconf 86' lang='lat' dir='ltr'><strong>ellectus</strong></span> <span class='ocrx_word' id='word_1_272' title='bbox 1810 3149 1857 3217; x_wconf 88' lang='lat' dir='ltr'><strong>si·</strong></span> 
     </span>
     <span class='ocr_line' id='line_1_28' title="bbox 532 3250 1856 3346; baseline 0.002 -24"><span class='ocrx_word' id='word_1_273' title='bbox 532 3274 682 3342; x_wconf 85' lang='lat' dir='ltr'><strong>gnarum</strong></span> <span class='ocrx_word' id='word_1_274' title='bbox 706 3276 741 3319; x_wconf 88' lang='lat' dir='ltr'><strong>v.</strong></span> <span class='ocrx_word' id='word_1_275' title='bbox 767 3258 808 3321; x_wconf 87' lang='lat'><strong>15</strong></span> <span class='ocrx_word' id='word_1_276' title='bbox 835 3253 884 3319; x_wconf 83' lang='lat' dir='ltr'><strong>itu</strong></span> <span class='ocrx_word' id='word_1_277' title='bbox 909 3263 948 3318; x_wconf 90' lang='lat' dir='ltr'><strong>ut</strong></span> <span class='ocrx_word' id='word_1_278' title='bbox 971 3253 1008 3318; x_wconf 78' lang='lat' dir='ltr'><strong>in</strong></span> <span class='ocrx_word' id='word_1_279' title='bbox 1028 3250 1165 3343; x_wconf 83' lang='lat' dir='ltr'><strong>plateas</strong></span> <span class='ocrx_word' id='word_1_280' title='bbox 1188 3250 1347 3319; x_wconf 73' lang='lat' dir='ltr'><strong>abicerent</strong></span> <span class='ocrx_word' id='word_1_281' title='bbox 1365 3261 1496 3342; x_wconf 58' lang='grc' dir='ltr'><strong>ἐκφέρειν</strong></span> <span class='ocrx_word' id='word_1_282' title='bbox 1518 3253 1681 3322; x_wconf 79' lang='lat' dir='ltr'><strong>efferrent</strong></span> <span class='ocrx_word' id='word_1_283' title='bbox 1701 3255 1856 3346; x_wconf 81' lang='lat' dir='ltr'><strong>infirmos</strong></span> 
     </span>
     <span class='ocr_line' id='line_1_29' title="bbox 531 3357 1855 3451; baseline 0.004 -25"><span class='ocrx_word' id='word_1_284' title='bbox 531 3372 564 3427; x_wconf 87' lang='lat' dir='ltr'><strong>et</strong></span> <span class='ocrx_word' id='word_1_285' title='bbox 567 3369 741 3451; x_wconf 81' lang='lat' dir='ltr'><strong>ponerent</strong></span> <span class='ocrx_word' id='word_1_286' title='bbox 753 3358 792 3425; x_wconf 85' lang='lat' dir='ltr'><strong>in</strong></span> <span class='ocrx_word' id='word_1_287' title='bbox 804 3357 939 3425; x_wconf 84' lang='lat' dir='ltr'><strong>lectulis</strong></span> <span class='ocrx_word' id='word_1_288' title='bbox 948 3380 989 3426; x_wconf 87' lang='lat' dir='ltr'><strong>ac</strong></span> <span class='ocrx_word' id='word_1_289' title='bbox 1003 3357 1170 3448; x_wconf 75' lang='lat' dir='ltr'><strong>prabatio,</strong></span> <span class='ocrx_word' id='word_1_290' title='bbox 1186 3365 1347 3447; x_wconf 68' lang='grc' dir='ltr'><strong>κράέκττεν</strong></span> <span class='ocrx_word' id='word_1_291' title='bbox 1362 3381 1426 3426; x_wconf 84' lang='lat' dir='ltr'><strong>vor</strong></span> <span class='ocrx_word' id='word_1_292' title='bbox 1438 3364 1487 3427; x_wconf 81' lang='lat' dir='ltr'><strong>est</strong></span> <span class='ocrx_word' id='word_1_293' title='bbox 1496 3359 1717 3430; x_wconf 89' lang='lat' dir='ltr'><strong>macedonica</strong></span> <span class='ocrx_word' id='word_1_294' title='bbox 1729 3362 1855 3431; x_wconf 87' lang='lat' dir='ltr'><strong>lectum</strong></span> 
     </span>
     <span class='ocr_line' id='line_1_30' title="bbox 530 3463 1856 3555; baseline 0.004 -23"><span class='ocrx_word' id='word_1_295' title='bbox 530 3466 690 3534; x_wconf 85' lang='lat' dir='ltr'><strong>viliorem</strong></span> <span class='ocrx_word' id='word_1_296' title='bbox 720 3471 755 3532; x_wconf 84' lang='lat' dir='ltr'><strong>et</strong></span> <span class='ocrx_word' id='word_1_297' title='bbox 783 3463 953 3531; x_wconf 91' lang='lat' dir='ltr'><strong>humilem</strong></span> <span class='ocrx_word' id='word_1_298' title='bbox 982 3463 1198 3552; x_wconf 76' lang='lat' dir='ltr'><strong>significans;</strong></span> <span class='ocrx_word' id='word_1_299' title='bbox 1226 3463 1446 3552; x_wconf 80' lang='lat' dir='ltr'><strong>designantur</strong></span> <span class='ocrx_word' id='word_1_300' title='bbox 1474 3465 1557 3532; x_wconf 89' lang='lat' dir='ltr'><strong>varii</strong></span> <span class='ocrx_word' id='word_1_301' title='bbox 1580 3467 1718 3555; x_wconf 76' lang='lat' dir='ltr'><strong>generis</strong></span> <span class='ocrx_word' id='word_1_302' title='bbox 1741 3468 1856 3537; x_wconf 89' lang='lat' dir='ltr'><strong>lectuli</strong></span> 
     </span>
     <span class='ocr_line' id='line_1_31' title="bbox 533 3569 1856 3666; baseline 0.003 -26"><span class='ocrx_word' id='word_1_303' title='bbox 533 3572 674 3664; x_wconf 71' lang='lat' dir='ltr'><strong>(beet),</strong></span> <span class='ocrx_word' id='word_1_304' title='bbox 697 3571 754 3637; x_wconf 85' lang='lat' dir='ltr'><strong>vel</strong></span> <span class='ocrx_word' id='word_1_305' title='bbox 772 3569 932 3639; x_wconf 89' lang='lat' dir='ltr'><strong>innuitur</strong></span> <span class='ocrx_word' id='word_1_306' title='bbox 950 3577 1109 3659; x_wconf 74' lang='lat' dir='ltr'><strong>aegrotos</strong></span> <span class='ocrx_word' id='word_1_307' title='bbox 1131 3574 1166 3638; x_wconf 89' lang='lat' dir='ltr'><strong>et</strong></span> <span class='ocrx_word' id='word_1_308' title='bbox 1186 3569 1329 3638; x_wconf 89' lang='lat' dir='ltr'><strong>ditiores</strong></span> <span class='ocrx_word' id='word_1_309' title='bbox 1344 3576 1378 3638; x_wconf 90' lang='lat' dir='ltr'><strong>et</strong></span> <span class='ocrx_word' id='word_1_310' title='bbox 1391 3593 1560 3662; x_wconf 77' lang='lat' dir='ltr'><strong>pauperes</strong></span> <span class='ocrx_word' id='word_1_311' title='bbox 1577 3595 1648 3641; x_wconf 89' lang='lat' dir='ltr'><strong>esse</strong></span> <span class='ocrx_word' id='word_1_312' title='bbox 1667 3573 1703 3641; x_wconf 94' lang='lat' dir='ltr'><strong>in</strong></span> <span class='ocrx_word' id='word_1_313' title='bbox 1725 3575 1856 3666; x_wconf 83' lang='lat' dir='ltr'><strong>plateas</strong></span> 
     </span>
     <span class='ocr_line' id='line_1_32' title="bbox 531 3675 1856 3774; baseline 0.003 -28"><span class='ocrx_word' id='word_1_314' title='bbox 531 3682 744 3769; x_wconf 85' lang='lat' dir='ltr'><strong>exportatos,</strong></span> <span class='ocrx_word' id='word_1_315' title='bbox 768 3690 808 3745; x_wconf 87' lang='lat' dir='ltr'><strong>ut</strong></span> <span class='ocrx_word' id='word_1_316' title='bbox 826 3676 985 3745; x_wconf 80' lang='lat' dir='ltr'><strong>veniente</strong></span> <span class='ocrx_word' id='word_1_317' title='bbox 1003 3679 1106 3745; x_wconf 89' lang='lat' dir='ltr'><strong>Petro</strong></span> <span class='ocrx_word' id='word_1_318' title='bbox 1126 3675 1247 3744; x_wconf 85' lang='lat' dir='ltr'><strong>saltem</strong></span> <span class='ocrx_word' id='word_1_319' title='bbox 1264 3679 1383 3744; x_wconf 84' lang='lat' dir='ltr'><strong>umbra</strong></span> <span class='ocrx_word' id='word_1_320' title='bbox 1396 3675 1492 3744; x_wconf 82' lang='lat' dir='ltr'><strong>illius</strong></span> <span class='ocrx_word' id='word_1_321' title='bbox 1506 3676 1723 3749; x_wconf 79' lang='lat' dir='ltr'><strong>obumbraret</strong></span> <span class='ocrx_word' id='word_1_322' title='bbox 1735 3705 1856 3774; x_wconf 84' lang='lat' dir='ltr'><strong>quem·</strong></span> 
     </span>
     <span class='ocr_line' id='line_1_33' title="bbox 531 3782 1851 3877; baseline 0.005 -25"><span class='ocrx_word' id='word_1_323' title='bbox 531 3807 637 3877; x_wconf 83' lang='lat' dir='ltr'><strong>quem</strong></span> <span class='ocrx_word' id='word_1_324' title='bbox 657 3784 799 3852; x_wconf 84' lang='lat' dir='ltr'><strong>illorum</strong></span> <span class='ocrx_word' id='word_1_325' title='bbox 823 3795 857 3851; x_wconf 89' lang='lat' dir='ltr'><strong>et</strong></span> <span class='ocrx_word' id='word_1_326' title='bbox 872 3783 1102 3851; x_wconf 82' lang='lat' dir='ltr'><strong>liberarentur</strong></span> <span class='ocrx_word' id='word_1_327' title='bbox 1121 3785 1164 3851; x_wconf 83' lang='lat' dir='ltr'><strong>ab</strong></span> <span class='ocrx_word' id='word_1_328' title='bbox 1187 3782 1445 3873; x_wconf 79' lang='lat' dir='ltr'><strong>infirmitatibus</strong></span> <span class='ocrx_word' id='word_1_329' title='bbox 1462 3784 1555 3872; x_wconf 80' lang='lat' dir='ltr'><strong>uris,·</strong></span> <span class='ocrx_word' id='word_1_330' title='bbox 1572 3787 1652 3856; x_wconf 86' lang='lat' dir='ltr'><strong>vide</strong></span> <span class='ocrx_word' id='word_1_331' title='bbox 1673 3787 1752 3857; x_wconf 90' lang='lat' dir='ltr'><strong>lect.</strong></span> <span class='ocrx_word' id='word_1_332' title='bbox 1779 3812 1851 3859; x_wconf 85' lang='lat' dir='ltr'><strong>var.</strong></span> 
     </span>
     <span class='ocr_line' id='line_1_34' title="bbox 533 3889 1855 3986; baseline 0.009 -31"><span class='ocrx_word' id='word_1_333' title='bbox 533 3920 550 3955; x_wconf 91' lang='lat'>«</span> <span class='ocrx_word' id='word_1_334' title='bbox 578 3896 711 3959; x_wconf 90' lang='lat' dir='ltr'><strong>constat</strong></span> <span class='ocrx_word' id='word_1_335' title='bbox 732 3913 857 3980; x_wconf 89' lang='lat' dir='ltr'><strong>parum</strong></span> <span class='ocrx_word' id='word_1_336' title='bbox 880 3890 1081 3957; x_wconf 86' lang='lat' dir='ltr'><strong>adminiculi</strong></span> <span class='ocrx_word' id='word_1_337' title='bbox 1106 3889 1199 3957; x_wconf 89' lang='lat' dir='ltr'><strong>hisce</strong></span> <span class='ocrx_word' id='word_1_338' title='bbox 1218 3889 1333 3957; x_wconf 76' lang='lat' dir='ltr'><strong>verbis</strong></span> <span class='ocrx_word' id='word_1_339' title='bbox 1356 3892 1404 3979; x_wconf 88' lang='lat' dir='ltr'><strong>(et</strong></span> <span class='ocrx_word' id='word_1_340' title='bbox 1424 3890 1711 3986; x_wconf 88' lang='lat' dir='ltr'><strong>liberarentur...)</strong></span> <span class='ocrx_word' id='word_1_341' title='bbox 1735 3919 1808 3966; x_wconf 86' lang='lat' dir='ltr'><strong>esse</strong></span> <span class='ocrx_word' id='word_1_342' title='bbox 1834 3920 1855 3966; x_wconf 85' lang='lat' dir='ltr'><strong>a</strong></span> 
     </span>
     <span class='ocr_line' id='line_1_35' title="bbox 529 3995 1852 4087; baseline 0.005 -22"><span class='ocrx_word' id='word_1_343' title='bbox 529 3997 664 4087; x_wconf 76' lang='lat' dir='ltr'><strong>graecis</strong></span> <span class='ocrx_word' id='word_1_344' title='bbox 676 3995 855 4064; x_wconf 89' lang='lat' dir='ltr'><strong>codicibus</strong></span> <span class='ocrx_word' id='word_1_345' title='bbox 867 3998 1076 4086; x_wconf 86' lang='lat' dir='ltr'><strong>vetustisque</strong></span> <span class='ocrx_word' id='word_1_346' title='bbox 1090 3995 1335 4085; x_wconf 87' lang='lat' dir='ltr'><strong>interpretibus</strong></span> <span class='ocrx_word' id='word_1_347' title='bbox 1349 4025 1364 4057; x_wconf 74' lang='lat' dir='ltr'><strong>a</strong></span> <span class='ocrx_word' id='word_1_348' title='bbox 1380 3997 1520 4087; x_wconf 78' lang='lat' dir='ltr'><strong>(Patr.);</strong></span> <span class='ocrx_word' id='word_1_349' title='bbox 1536 4006 1616 4068; x_wconf 84' lang='lat' dir='ltr'><strong>sunt</strong></span> <span class='ocrx_word' id='word_1_350' title='bbox 1629 4006 1745 4070; x_wconf 87' lang='lat' dir='ltr'><strong>tamen</strong></span> <span class='ocrx_word' id='word_1_351' title='bbox 1759 4026 1852 4072; x_wconf 91' lang='lat' dir='ltr'><strong>com·</strong></span> 
     </span>
     <span class='ocr_line' id='line_1_36' title="bbox 529 4100 1876 4196; baseline 0.006 -25"><span class='ocrx_word' id='word_1_352' title='bbox 529 4102 679 4196; x_wconf 89' lang='lat' dir='ltr'><strong>plendae</strong></span> <span class='ocrx_word' id='word_1_353' title='bbox 702 4103 895 4171; x_wconf 88' lang='lat' dir='ltr'><strong>sententiae</strong></span> <span class='ocrx_word' id='word_1_354' title='bbox 917 4107 1000 4194; x_wconf 88' lang='lat' dir='ltr'><strong>apta</strong></span> <span class='ocrx_word' id='word_1_355' title='bbox 1027 4108 1062 4169; x_wconf 84' lang='lat' dir='ltr'><strong>et</strong></span> <span class='ocrx_word' id='word_1_356' title='bbox 1082 4100 1148 4169; x_wconf 91' lang='lat' dir='ltr'><strong>nisi</strong></span> <span class='ocrx_word' id='word_1_357' title='bbox 1172 4103 1241 4169; x_wconf 84' lang='lat' dir='ltr'><strong>vim</strong></span> <span class='ocrx_word' id='word_1_358' title='bbox 1266 4102 1361 4171; x_wconf 90' lang='lat' dir='ltr'><strong>illam</strong></span> <span class='ocrx_word' id='word_1_359' title='bbox 1384 4103 1527 4173; x_wconf 86' lang='lat' dir='ltr'><strong>umbrae</strong></span> <span class='ocrx_word' id='word_1_360' title='bbox 1549 4106 1640 4175; x_wconf 86' lang='lat' dir='ltr'><strong>Petri</strong></span> <span class='ocrx_word' id='word_1_361' title='bbox 1665 4108 1876 4179; x_wconf 84' lang='lat' dir='ltr'><strong>salutarem·</strong></span> 
     </span>
     <span class='ocr_line' id='line_1_37' title="bbox 529 4210 1854 4309; baseline 0.005 -30"><span class='ocrx_word' id='word_1_362' title='bbox 529 4210 662 4303; x_wconf 83' lang='lat' dir='ltr'><strong>experti</strong></span> <span class='ocrx_word' id='word_1_363' title='bbox 683 4216 811 4293; x_wconf 87' lang='lat' dir='ltr'><strong>essent,</strong></span> <span class='ocrx_word' id='word_1_364' title='bbox 837 4231 908 4277; x_wconf 89' lang='lat' dir='ltr'><strong>non</strong></span> <span class='ocrx_word' id='word_1_365' title='bbox 929 4214 1163 4300; x_wconf 83' lang='lat' dir='ltr'><strong>exportassent</strong></span> <span class='ocrx_word' id='word_1_366' title='bbox 1180 4230 1311 4297; x_wconf 81' lang='lat' dir='ltr'><strong>aegros.</strong></span> <span class='ocrx_word' id='word_1_367' title='bbox 1332 4213 1399 4277; x_wconf 89' lang='lat' dir='ltr'><strong>Cur</strong></span> <span class='ocrx_word' id='word_1_368' title='bbox 1419 4213 1566 4304; x_wconf 89' lang='lat' dir='ltr'><strong>populus</strong></span> <span class='ocrx_word' id='word_1_369' title='bbox 1583 4218 1721 4283; x_wconf 88' lang='lat' dir='ltr'><strong>Petrum</strong></span> <span class='ocrx_word' id='word_1_370' title='bbox 1738 4217 1854 4309; x_wconf 84' lang='lat' dir='ltr'><strong>potius</strong></span> 
     </span>
     <span class='ocr_line' id='line_1_38' title="bbox 530 4316 1854 4414; baseline 0.006 -29"><span class='ocrx_word' id='word_1_371' title='bbox 530 4339 635 4409; x_wconf 92' lang='lat' dir='ltr'><strong>quam</strong></span> <span class='ocrx_word' id='word_1_372' title='bbox 664 4317 750 4385; x_wconf 88' lang='lat' dir='ltr'><strong>alios</strong></span> <span class='ocrx_word' id='word_1_373' title='bbox 773 4316 946 4407; x_wconf 89' lang='lat' dir='ltr'><strong>apostolos</strong></span> <span class='ocrx_word' id='word_1_374' title='bbox 966 4321 1165 4396; x_wconf 88' lang='lat' dir='ltr'><strong>sectaretur,</strong></span> <span class='ocrx_word' id='word_1_375' title='bbox 1194 4317 1357 4384; x_wconf 88' lang='lat' dir='ltr'><strong>alterutra</strong></span> <span class='ocrx_word' id='word_1_376' title='bbox 1378 4339 1480 4387; x_wconf 86' lang='lat' dir='ltr'><strong>causa</strong></span> <span class='ocrx_word' id='word_1_377' title='bbox 1505 4319 1672 4405; x_wconf 74' lang='lat' dir='ltr'><strong>luit„vel</strong></span> <span class='ocrx_word' id='word_1_378' title='bbox 1698 4325 1791 4414; x_wconf 90' lang='lat' dir='ltr'><strong>qnod</strong></span> <span class='ocrx_word' id='word_1_379' title='bbox 1813 4346 1854 4393; x_wconf 87' lang='lat' dir='ltr'><strong>ea</strong></span> 
     </span>
     <span class='ocr_line' id='line_1_39' title="bbox 530 4421 1853 4520; baseline 0.005 -27"><span class='ocrx_word' id='word_1_380' title='bbox 530 4446 669 4515; x_wconf 89' lang='lat' dir='ltr'><strong>quoqne</strong></span> <span class='ocrx_word' id='word_1_381' title='bbox 693 4446 731 4492; x_wconf 89' lang='lat' dir='ltr'><strong>re</strong></span> <span class='ocrx_word' id='word_1_382' title='bbox 760 4429 880 4491; x_wconf 89' lang='lat' dir='ltr'><strong>Petrus</strong></span> <span class='ocrx_word' id='word_1_383' title='bbox 901 4422 1024 4491; x_wconf 89' lang='lat' dir='ltr'><strong>ceteris</strong></span> <span class='ocrx_word' id='word_1_384' title='bbox 1045 4421 1285 4514; x_wconf 86' lang='lat' dir='ltr'><strong>praecelleret,</strong></span> <span class='ocrx_word' id='word_1_385' title='bbox 1311 4424 1366 4491; x_wconf 81' lang='lat' dir='ltr'><strong>vel</strong></span> <span class='ocrx_word' id='word_1_386' title='bbox 1391 4426 1575 4515; x_wconf 86' lang='lat' dir='ltr'><strong>quodiam</strong></span> <span class='ocrx_word' id='word_1_387' title='bbox 1598 4428 1693 4497; x_wconf 85' lang='lat' dir='ltr'><strong>lama</strong></span> <span class='ocrx_word' id='word_1_388' title='bbox 1715 4451 1853 4520; x_wconf 86' lang='lat' dir='ltr'><strong>percre-</strong></span> 
     </span>
     <span class='ocr_line' id='line_1_40' title="bbox 529 4528 1853 4622; baseline 0.008 -27"><span class='ocrx_word' id='word_1_389' title='bbox 529 4528 677 4599; x_wconf 87' lang='lat' dir='ltr'><strong>bruisset</strong></span> <span class='ocrx_word' id='word_1_390' title='bbox 702 4531 797 4597; x_wconf 93' lang='lat' dir='ltr'><strong>hunc</strong></span> <span class='ocrx_word' id='word_1_391' title='bbox 816 4530 885 4597; x_wconf 89' lang='lat' dir='ltr'><strong>illis</strong></span> <span class='ocrx_word' id='word_1_392' title='bbox 908 4550 1080 4620; x_wconf 82' lang='lat' dir='ltr'><strong>praeesse3</strong></span> <span class='ocrx_word' id='word_1_393' title='bbox 1106 4528 1275 4598; x_wconf 79' lang='lat' dir='ltr'><strong>utrumvis</strong></span> <span class='ocrx_word' id='word_1_394' title='bbox 1287 4530 1448 4622; x_wconf 88' lang='lat' dir='ltr'><strong>accipias,</strong></span> <span class='ocrx_word' id='word_1_395' title='bbox 1467 4541 1712 4622; x_wconf 76' lang='lat' dir='ltr'><strong>argumentum</strong></span> <span class='ocrx_word' id='word_1_396' title='bbox 1731 4536 1766 4605; x_wconf 91' lang='lat' dir='ltr'><strong>id</strong></span> <span class='ocrx_word' id='word_1_397' title='bbox 1787 4539 1853 4607; x_wconf 90' lang='lat' dir='ltr'><strong>erit</strong></span> 
     </span>
     <span class='ocr_line' id='line_1_41' title="bbox 530 4636 1854 4738; baseline 0.008 -34"><span class='ocrx_word' id='word_1_398' title='bbox 530 4657 640 4704; x_wconf 91' lang='lat' dir='ltr'><strong>unum</strong></span> <span class='ocrx_word' id='word_1_399' title='bbox 662 4636 706 4704; x_wconf 86' lang='lat' dir='ltr'><strong>de</strong></span> <span class='ocrx_word' id='word_1_400' title='bbox 729 4636 850 4704; x_wconf 88' lang='lat' dir='ltr'><strong>multis</strong></span> <span class='ocrx_word' id='word_1_401' title='bbox 873 4658 962 4726; x_wconf 90' lang='lat' dir='ltr'><strong>quae</strong></span> <span class='ocrx_word' id='word_1_402' title='bbox 982 4658 1112 4704; x_wconf 85' lang='lat' dir='ltr'><strong>novum</strong></span> <span class='ocrx_word' id='word_1_403' title='bbox 1133 4641 1373 4706; x_wconf 88' lang='lat' dir='ltr'><strong>testamentum</strong></span> <span class='ocrx_word' id='word_1_404' title='bbox 1398 4638 1592 4732; x_wconf 86' lang='lat' dir='ltr'><strong>suppeditat</strong></span> <span class='ocrx_word' id='word_1_405' title='bbox 1611 4641 1655 4710; x_wconf 90' lang='lat' dir='ltr'><strong>ad</strong></span> <span class='ocrx_word' id='word_1_406' title='bbox 1675 4644 1767 4714; x_wconf 87' lang='lat' dir='ltr'><strong>Petri</strong></span> <span class='ocrx_word' id='word_1_407' title='bbox 1783 4647 1854 4738; x_wconf 92' lang='lat' dir='ltr'><strong>pri·</strong></span> 
     </span>
     <span class='ocr_line' id='line_1_42' title="bbox 529 4742 1061 4834; baseline -0.004 -23"><span class='ocrx_word' id='word_1_408' title='bbox 529 4748 662 4811; x_wconf 89' lang='lat' dir='ltr'><strong>matum</strong></span> <span class='ocrx_word' id='word_1_409' title='bbox 681 4743 906 4813; x_wconf 88' lang='lat' dir='ltr'><strong>asserendum</strong></span> <span class='ocrx_word' id='word_1_410' title='bbox 922 4742 1061 4834; x_wconf 70' lang='lat' dir='ltr'><strong>(Pata).</strong></span> 
     </span>
    </p>
   </div>
   <div class='ocr_carea' id='block_1_5' title="bbox 0 0 2082 5452">
    <p class='ocr_par' dir='ltr' id='par_1_6' title="bbox 0 0 2082 5452">
     <span class='ocr_line' id='line_1_43' title="bbox 0 0 2082 5452; baseline 0 4"><span class='ocrx_word' id='word_1_411' title='bbox 0 0 2082 5452; x_wconf 95' lang='lat' dir='ltr'><strong> </strong></span> 
     </span>
    </p>
   </div>
  </div>
 </body>
</html>
