4092 5490
1059 441 1127 485 scr.
1152 425 1270 496 ¹22⁴·7·
1771 430 1840 494 ru.

503 573 633 642 iaciunt
651 575 708 667 (de
724 598 761 643 re
775 575 877 641 milit.
894 572 984 662 3,s);
1001 572 1165 663 idemque
1184 577 1280 641 notat
1295 592 1303 641 :
1318 569 1401 662 quie
1413 569 1627 661 impossibile
1645 575 1830 647 videbatur

503 702 565 771 per
590 688 696 750 totam
722 683 861 747 noctem
886 678 1070 765 vigilantes
1090 680 1244 768 singulos
1265 698 1487 771 permanere,
1515 677 1594 745 ideo
1620 677 1657 744 in
1681 687 1831 769 quatuor

502 794 617 880 partes
631 787 675 853 ad
692 784 906 875 clepsydram
923 791 1003 854 suut
1019 785 1149 854 divisae
1167 786 1323 874 vigiliae,
1345 789 1469 853 utnon
1485 784 1634 876 amplius
1649 807 1753 874 quam
1767 789 1829 855 tri-

502 895 566 961 bus
585 891 679 959 horis
695 893 875 960 nocturnis
893 914 1027 960 necesse
1046 892 1090 960 sit
1104 892 1249 979 vigilare
1268 891 1304 977 (l.
1327 891 1386 980 e).
1404 892 1564 970 Quaterni
1580 891 1688 979 igitur
1704 892 1829 962 milites

502 1020 566 1089 per
587 997 677 1064 vices
701 1003 837 1067 Petrum
863 998 1123 1081 custodiebant,
1148 1020 1167 1065 e
1188 996 1331 1088 quibus,
1354 1001 1394 1063 ut
1411 995 1588 1083 colligitur
1606 1021 1647 1065 ex
1667 1022 1699 1066 v.
1720 1007 1752 1068 s.
1771 1008 1825 1080 10,

502 1104 571 1171 dno
585 1103 677 1172 intra
692 1127 866 1174 carcerem
880 1126 989 1194 prope
1005 1108 1158 1184 Petrum,
1177 1103 1247 1170 duo
1263 1104 1308 1171 ad
1325 1103 1471 1171 carceris
1488 1102 1609 1170 ianuas
1627 1109 1731 1195 atque
1751 1107 1828 1173 adi·

502 1217 558 1279 tus
580 1210 762 1280 adstabant
785 1208 929 1298 (Palm),
957 1232 989 1278 v.
1017 1217 1037 1277 5
1061 1221 1095 1276 et
1112 1213 1237 1278 Petrus
1251 1208 1390 1301 quidem
1408 1212 1608 1277 servabatur
1623 1209 1660 1277 in
1675 1233 1831 1297 carcere,·

503 1319 614 1386 cretio
637 1330 753 1385 certem
773 1317 881 1405 fiebat
900 1315 976 1383 sine
995 1316 1247 1385 intermissione
1266 1327 1394 1397 ἐκτενῶς
1407 1317 1556 1397 intente,
1572 1317 1723 1403 assidue,
1739 1320 1827 1407 gig:

502 1422 747 1491 instantissime
766 1425 809 1488 ab
825 1421 968 1491 ecclesio
984 1423 1034 1490 nd
1047 1426 1153 1491 Deum
1171 1443 1235 1513 pro
1255 1444 1293 1489 eo
1307 1449 1324 1484 a
1343 1422 1470 1489 amoris
1482 1422 1649 1490 indicium
1662 1431 1737 1492 erat
1750 1447 1830 1492 cre-

504 1530 568 1608 tio;
598 1528 715 1595 audite
740 1551 810 1619 quo
832 1530 961 1597 luerint
980 1531 1105 1597 ellectu
1129 1549 1215 1615 erga
1232 1527 1404 1609 doctores3
1426 1549 1498 1596 uon
1514 1528 1828 1613 tumultuabantur,

503 1657 571 1702 non
590 1634 832 1720 turbabantur,
857 1635 917 1704 sed
935 1634 979 1703 ad
999 1634 1191 1703 orationem
1209 1635 1300 1703 versi
1314 1640 1409 1719 suut,
1427 1656 1547 1702 verum
1566 1640 1600 1702 et
1614 1633 1830 1726 inexpugna-

501 1740 574 1809 bile
598 1741 840 1810 commilitium
868 1742 935 1832 (τὴν
957 1749 1050 1824 ὅντως
1077 1751 1247 1832 συμμαχίαν
1271 1751 1325 1828 τὴν
1350 1742 1500 1832 ἅμαχον);
1524 1741 1568 1809 ed
1590 1741 1687 1809 illem
1709 1745 1830 1811 coufu-

502 1847 648 1937 gichant
671 1876 687 1912 >t
714 1848 838 1940 (cta).
866 1855 915 1917 En
939 1848 1092 1939 primum
1117 1848 1224 1940 idque
1252 1849 1470 1940 praeclarum
1499 1849 1710 1940 exemplum,
1735 1852 1829 1942 quod

502 1954 621 2023 fideles
645 1960 844 2022 constanter
870 1977 933 2045 per
959 1954 1175 2023 saeculorum
1203 1977 1340 2023 cursum
1364 1955 1603 2039 imitabantur,
1631 1957 1766 2047 quoties
1793 1959 1831 2024 in

502 2065 654 2152 pastores
678 2061 847 2128 Ecclesiae
874 2060 1043 2129 saevitum
1067 2064 1133 2129 est!
1156 2062 1286 2133 Fideles
1308 2063 1401 2129 enim
1418 2084 1482 2153 pro
1500 2066 1600 2129 Petro
1621 2069 1828 2152 pugnantes,

501 2165 611 2235 Soloi.
632 2167 696 2249 ait,
715 2188 784 2234 non
800 2167 979 2254 fregerunt
998 2189 1188 2249 carcerem,
1204 2188 1272 2235 non
1292 2166 1493 2235 occiderunt
1505 2167 1644 2250 milites,
1662 2189 1734 2236 non
1749 2191 1830 2236 con·

501 2274 681 2360 fregerunt
700 2278 854 2355 catenas,
878 2273 939 2341 sed
959 2273 1003 2342 ad
1023 2274 1215 2342 orationem
1231 2273 1452 2360 confugiunt,
1470 2294 1641 2341 memores
1654 2277 1830 2366 praecepti

502 2378 654 2461 Domini,
679 2386 718 2447 ut
743 2380 832 2448 bene
856 2385 1044 2471 precentur
1063 2379 1148 2471 ipsis
1171 2380 1470 2471 persequentibus.
1497 2385 1602 2448 Arma
1623 2380 1831 2450 Christiano·

502 2508 579 2554 rum
595 2487 632 2553 in
645 2486 814 2554 eiusmodi
829 2487 979 2555 adversis
995 2487 1162 2578 patientia
1181 2491 1261 2555 sunt
1282 2493 1316 2555 et
1336 2488 1499 2578 precatio.

546 2598 584 2661 Et
609 2598 694 2660 Deus
721 2593 882 2684 precibus
908 2594 1066 2662 fidelium
1088 2592 1230 2678 annuit;
1256 2594 1409 2662 nondum
1433 2598 1576 2660 venerat
1603 2600 1739 2684 tempus
1758 2617 1827 2684 quo

501 2699 562 2766 tali
577 2706 713 2788 pastore
736 2707 770 2766 et
790 2701 945 2790 apostolo
965 2699 1116 2768 Ecclesia
1134 2721 1250 2767 carere
1272 2700 1401 2790 potuit;
1426 2721 1458 2766 v.
1475 2706 1495 2764 6
1514 2720 1591 2766 cnm
1610 2711 1728 2767 uectem
1747 2721 1828 2789 pro-

502 2805 669 2873 ducturus
684 2827 761 2872 cum
774 2819 859 2872 esset
874 2805 1026 2873 Herodes
1032 2859 1042 2892 ,
1057 2806 1094 2873 in
1112 2805 1188 2896 ipsa
1202 2817 1301 2873 nocte
1315 2816 1388 2873 erut
1407 2806 1529 2872 Petrus
1547 2803 1721 2873 dormiens
1739 2805 1829 2873 inter

501 2911 587 2979 decos
606 2910 732 2979 milites
752 2912 887 2978 rinctus
909 2912 1037 2979 entcnr‘s
1062 2912 1215 2998 dirutum·
1228 2911 1333 2980 etiam
1355 2911 1412 2979 hic
1431 2912 1539 2979 habes
1558 2933 1691 2980 morem
1712 2934 1828 2981 roma·

501 3039 602 3100 uum;
626 3040 708 3085 nem
727 3047 742 3080 «
760 3017 881 3085 eadem
906 3024 1028 3087 catena
1052 3024 1086 3086 et
1107 3016 1298 3086 custodiam
1319 3024 1353 3084 et
1376 3017 1521 3086 militem
1544 3019 1683 3108 copulet
1710 3047 1726 3080 »
1753 3020 1828 3108 (Se-

501 3146 604 3206 neca,
625 3124 722 3213 epist.
747 3125 838 3213 5,e);
857 3124 1027 3192 eiusmodi
1046 3125 1241 3215 exemplum
1260 3123 1366 3191 babes
1385 3123 1488 3191 etiam
1504 3123 1542 3191 in
1556 3124 1672 3214 Antiq.
1694 3131 1810 3208 18,6‚7
1818 3146 1825 3197 :

500 3230 571 3298 imo
597 3231 653 3297 bic
674 3236 793 3297 Petrus
818 3230 958 3298 maioris
981 3231 1173 3298 securitatis
1191 3252 1293 3298 causa
1314 3229 1359 3296 ab
1379 3236 1526 3321 utreque
1546 3235 1656 3320 parte,
1682 3238 1829 3323 utraque

500 3337 609 3423 igitur
627 3358 744 3417 manu,
771 3343 893 3404 catena
915 3337 1079 3426 alligatus
1103 3337 1374 3428 coniunctusqne
1398 3358 1475 3404 cum
1497 3335 1633 3405 duobus
1658 3337 1827 3405 militibus

501 3449 574 3511 erat
598 3443 653 3533 (cl.
681 3449 753 3511 dot.
777 3450 893 3525 este.
915 3444 972 3533 20)
992 3450 1025 3512 et
1043 3449 1075 3512 S.
1098 3443 1253 3532 lgnatius
1277 3448 1407 3532 memyr
1425 3442 1546 3511 scribit
1573 3465 1581 3512 ε
1603 3466 1625 3511 e
1640 3443 1740 3532 Syria
1760 3450 1828 3514 Ro·

502 3571 593 3617 mam
621 3571 729 3639 usque
758 3572 836 3617 cum
860 3550 979 3617 bestiis
1005 3573 1123 3641 pugno
1155 3557 1245 3618 terre
1268 3550 1441 3640 marique,
1468 3554 1570 3617 noctu
1598 3555 1632 3616 et
1654 3550 1826 3635 interdiu,

500 3656 661 3744 alligatus
691 3655 736 3722 ed
765 3656 882 3723 decem
903 3655 1105 3746 leopardos,
1132 3679 1223 3748 quae
1256 3662 1306 3723 est
1331 3655 1478 3724 militum
1505 3660 1620 3723 turma
1641 3656 1699 3746 (ed
1726 3661 1824 3726 Rom.

501 3771 537 3842 5;
565 3765 608 3830 cl.
633 3761 724 3831 Beel.
747 3762 860 3853 Patr.)
884 3774 917 3830 ct
945 3762 1101 3830 custodes
1127 3775 1207 3831 ante
1230 3763 1352 3830 ostium
1378 3762 1614 3830 custodiebant
1638 3785 1825 3850 carcerem,

501 3869 626 3958 reliqui
649 3869 719 3937 duo
735 3870 862 3937 milites
876 3870 1029 3956 agebant
1048 3869 1208 3938 excubias
1227 3874 1307 3937 ante
1324 3869 1460 3937 ostium.
1483 3868 1583 3937 «Sed
1602 3891 1672 3960 quo
1686 3892 1828 3939 accura-

501 3977 567 4043 tior
598 3975 771 4059 cnstodin,
801 3999 840 4043 oo
873 3976 1067 4043 mirabilius
1093 3976 1353 4066 spectaculum3'
1376 3975 1455 4043 vide
1486 3979 1622 4043 Petrum
1654 3975 1830 4045 dormien-

501 4091 585 4163 tem,
610 4104 674 4149 nec
698 4087 828 4150 terrore
848 4082 967 4150 mortis
990 4104 1054 4150 nec
1074 4081 1146 4151 ullo
1171 4087 1264 4150 metu
1289 4081 1484 4162 detentum,
1507 4083 1624 4149 omnia
1643 4087 1711 4150 Deo
1732 4106 1828 4151 com·

502 4192 676 4257 mittens»
704 4188 798 4276 (Clu.
827 4191 904 4256 Oec.
934 4187 1061 4280 l'lreopl
1072 4191 1109 4280 .).
1134 4193 1299 4257 intentet
1321 4188 1477 4280 pericula
1499 4210 1638 4256 securus
1651 4189 1827 4280 profundo

500 4319 620 4363 somno
640 4295 801 4378 vacabam
829 4318 934 4385 quam
955 4301 1047 4362 recte
1070 4294 1201 4363 dietum
1223 4301 1273 4364 cst
1294 4319 1302 4365 :
1323 4295 1431 4362 iustus
1452 4295 1550 4385 quasi
1572 4294 1627 4363 leo
1650 4296 1828 4364 confidens

501 4403 629 4494 absque
652 4409 781 4472 terrore
804 4403 870 4470 erit
895 4403 1008 4492 (Prov.
1034 4408 1131 4485 28,1;
1158 4400 1302 4491 Solm.);
1331 4424 1363 4469 v.
1392 4408 1467 4468 'tet
1490 4422 1566 4468 ecce
1588 4401 1736 4491 anqelus
1758 4405 1827 4470 Do·

501 4510 590 4577 mim
608 4510 722 4577 nstitit
740 4520 848 4595 ἐπέστη
873 4516 973 4577 Petro
998 4509 1183 4600 derepente
1203 4507 1335 4577 adstitit
1354 4506 1521 4575 etlumen
1543 4505 1684 4593 refulsit
1704 4509 1742 4576 in
1764 4508 1827 4577 lta-

502 4615 650 4683 bitaculo
678 4626 788 4702 :turpe
822 4640 861 4684 ex
887 4616 1079 4684 Atticorum
1099 4615 1337 4708 euphemismo
1358 4636 1529 4683 carcerem
1558 4613 1699 4683 denotet
1726 4615 1824 4707 (Bt),

500 4723 604 4814 idque
623 4724 786 4814 exemplis
797 4724 921 4814 probat
947 4726 1066 4791 lt'etst.
1085 4723 1130 4792 ed
1150 4723 1185 4791 h.
1201 4722 1245 4807 l.;
1265 4729 1301 4791 at
1314 4721 1427 4815 potuit
1449 4719 1635 4789 venetiam
1651 4723 1760 4813 accipi
1775 4724 1826 4791 la·

501 4830 588 4899 tiore
607 4852 706 4898 sensu
723 4830 765 4898 de
782 4832 936 4899 conclavi
952 4830 1118 4921 quolibet.
1138 4836 1267 4900 Lumen
1283 4852 1383 4899 nemo
1403 4827 1490 4896 vidit
1511 4827 1576 4896 uisi
1596 4832 1728 4913 Petrus3
1746 4829 1846 4898 dor-.
