4092 5490
1029 386 1097 430 scr.
1122 331 1277 441 ruinis.
1567 391 1571 396 ’
1761 376 1821 437 249

494 519 562 587 sint
577 519 640 611 ipsi
661 520 728 606 dii,
747 525 786 587 ut
806 518 948 586 veniant
971 517 1017 583 ad
1038 516 1120 585 deos
1142 540 1182 585 ex
1203 513 1381 585 mentibus
1397 517 1576 586 hominum
1598 522 1821 610 expellendos

495 633 528 695 et
544 626 589 695 ad
603 649 711 696 unum
725 632 834 693 Deum
850 621 1143 713 praedicandum,
1161 622 1260 691 cuius
1274 625 1378 692 unius
1392 628 1540 715 potestas
1553 645 1595 691 ac
1607 627 1765 696 maiestas
1779 652 1820 697 eo
1926 671 1927 675 =

494 732 702 803 describitur
714 730 798 819 quia
813 729 888 820 ipse
901 730 995 798 solus
1010 736 1135 799 cuncta
1149 730 1317 800 condidit.

538 844 650 927 Atque
664 836 772 904 istum'
782 859 893 905 unum
911 843 1020 906 Deum
1037 838 1126 905 velle
1141 839 1211 904 iam
1226 858 1381 904 errorem
1396 836 1497 904 illum
1515 837 1647 905 aboleri
1660 837 1822 920 deorum;

493 967 525 1010 v.
545 949 586 1011 15
602 940 664 1033 qui
674 941 712 1010 in
720 943 919 1035 praeteritis
928 942 1210 1034 pancrationitns
1225 941 1360 1025 dimisit
1375 951 1471 1012 εἴασεν
1487 941 1566 1010 sivit
1576 965 1694 1012 omnes
1707 958 1826 1035 pentes
1865 941 1872 948 ’

493 1047 632 1140 inqredi
654 1049 730 1119 vias
753 1073 838 1118 snos
862 1064 929 1130 ταῖς
957 1057 1055 1133 ὁδοῖς,
1072 1069 1190 1138 passus
1214 1053 1263 1117 est
1283 1070 1341 1117 eas
1363 1049 1492 1133 vivere,
1509 1070 1613 1137 agere
1634 1050 1824 1117 secundnm

491 1179 630 1225 normas
649 1163 683 1225 et
701 1158 852 1224 rationes
872 1176 959 1245 quas
983 1155 1076 1244 ipsae
1095 1154 1163 1222 sibi
1184 1155 1456 1240 constituissent3
1480 1153 1551 1223 illis
1568 1155 1664 1224 enim
1684 1156 1824 1224 nonita

408 1296 410 1301 v
492 1263 665 1355 explicite,
681 1261 732 1330 uti
744 1259 897 1344 Indaeis,
917 1266 1006 1329 Deus
1019 1283 1102 1329 snas
1119 1261 1194 1328 cias
1207 1262 1252 1329 ob
1267 1262 1386 1329 oculos
1400 1261 1533 1352 posuit;
1550 1266 1703 1331 attamen
1717 1263 1821 1332 etiam

491 1370 561 1438 illis
578 1391 614 1437 se
633 1367 878 1435 manifestabat
893 1367 1059 1435 continuo
1080 1390 1113 1435 v.
1130 1373 1170 1434 16
1188 1379 1222 1435 et
1245 1365 1387 1458 quidem
1405 1376 1500 1436 καίτοι
1518 1389 1731 1459 quamquam
1750 1391 1821 1437 non
1900 1421 1913 1445 .

491 1476 563 1543 sine
599 1471 794 1541 testimonio
827 1472 1050 1563 semetipsam
1086 1473 1230 1564 reliquit
1264 1472 1483 1562 benefaciens
1518 1472 1560 1540 de
1593 1473 1701 1558 coelo,
1733 1474 1820 1543 dans

485 1578 626 1672 pluvias
646 1590 680 1647 et
699 1591 855 1671 tempora
872 1579 1075 1669 fructifera,
1094 1579 1240 1670 implens
1257 1579 1331 1647 cito
1350 1592 1383 1648 et
1400 1578 1535 1648 laetitia
1554 1579 1659 1647 eorda
1681 1592 1820 1662 nostra,

491 1686 536 1755 ad
551 1707 624 1754 rem
638 1708 763 1775 graece
778 1707 787 1754 ε
805 1686 890 1753 dans
904 1686 1012 1773 votis,
1031 1686 1139 1754 corda
1157 1687 1290 1771 carere;
1310 1685 1435 1754 leniter
1452 1684 1610 1778 quidem,
1627 1685 1688 1754 sed
1705 1692 1821 1754 tamen

482 1793 582 1861 clare
601 1792 645 1860 iis
668 1791 754 1860 dicit
774 1792 1012 1881 ignorantiam
1036 1792 1096 1860 Dei
1120 1793 1164 1860 iis
1187 1814 1259 1860 esse
1283 1794 1405 1884 culpae
1430 1790 1652 1877 vertendam,
1673 1792 1821 1862 idolola-

491 1899 594 1967 triam
618 1897 838 1967 excusatione
863 1919 996 1979 carere;
1021 1919 1160 1988 semper
1185 1900 1277 1966 enirn
1301 1899 1344 1967 iis
1362 1901 1401 1967 in
1417 1900 1494 1990 ipsa
1518 1898 1580 1967 illa
1603 1899 1823 1990 providentia

490 2026 560 2094 qua
574 2009 699 2071 cuncta
713 2003 1001 2072 administrantur
1015 2004 1060 2072 ad
1076 2004 1163 2072 fines
1177 2006 1387 2074 necessarios
1402 2011 1436 2074 et
1449 2005 1553 2075 utiles
1567 2011 1705 2096 praesto
1718 2005 1821 2074 inisse

491 2109 725 2178 testimonium
744 2111 804 2178 Dei
819 2110 863 2178 de
885 2111 1013 2202 seips03
1034 2110 1113 2179 illos
1135 2116 1251 2179 autem
1271 2112 1387 2180 oculos
1406 2112 1487 2178 huic
1507 2111 1740 2179 testificationi
1758 2134 1822 2179 no-

490 2215 591 2284 luisse
617 2218 766 2307 aperire.
789 2220 1006 2307 Quantopere
1032 2217 1193 2286 homines
1212 2217 1263 2285 illi
1287 2217 1325 2284 in
1349 2217 1614 2285 admirationem
1638 2217 1729 2307 rapti
1753 2218 1821 2285 siut

490 2320 657 2390 miraculo
670 2322 749 2407 illo,
764 2322 870 2391 etiam
882 2322 996 2390 elucet
1009 2344 1049 2390 ex
1065 2345 1098 2390 v.
1117 2330 1159 2389 17
1174 2334 1208 2390 et
1226 2322 1310 2392 baec
1327 2322 1476 2393 dicentes
1490 2323 1550 2391 uie
1571 2329 1657 2409 μόλις
1672 2322 1820 2391 difficul·
1855 2380 1861 2389 ,

489 2436 554 2511 ter,
578 2450 684 2517 aegre
706 2428 912 2497 sedaverunt
935 2432 1051 2497 turbas
1073 2452 1116 2498 ne
1134 2429 1202 2497 siti
1222 2429 1454 2499 immolarent.
1472 2435 1614 2500 Summa
1631 2430 1743 2513 solnm
1762 2451 1818 2498 ca-

415 2554 418 2559 ·
489 2534 563 2625 pita
574 2535 738 2603 orationis
755 2536 855 2623 tangi
870 2535 1053 2626 probabile
1067 2541 1136 2619 est,
1154 2558 1232 2603 eum
1250 2537 1407 2626 proiecto
1426 2535 1603 2626 apostolus
1618 2540 1818 2625 prosecutus

490 2639 535 2715 sit
552 2639 646 2730 quod
670 2641 832 2709 innuerat
853 2642 892 2708 in
910 2663 944 2707 v.
968 2649 1022 2724 15,
1040 2663 1132 2708 neena
1156 2641 1226 2709 iam
1248 2645 1355 2709 Deum
1375 2640 1462 2710 velle
1480 2640 1583 2710 modo
1603 2645 1723 2732 aperto
1742 2662 1817 2709 om-

489 2745 801 2837 nibussesnasque
817 2748 890 2814 vias
904 2746 1203 2815 manifestarcetc.
1235 2745 1237 2750 ’
1504 2759 1509 2767 ’

533 2852 587 2921 Uti
607 2859 715 2921 Lucas
736 2854 772 2920 in
787 2852 911 2922 claudo
926 2858 1046 2921 sanato
1065 2852 1198 2943 aliquid
1216 2852 1319 2921 nobis
1337 2854 1443 2923 refert
1460 2876 1501 2922 ex
1518 2852 1621 2921 initio
1636 2853 1817 2944 praediea-

489 2957 592 3026 tionis
614 2960 742 3046 Lystris
762 2961 870 3042 iacta,
890 2960 939 3026 ita
964 2959 1061 3027 aliud
1082 2966 1203 3027 narrat
1229 2981 1269 3027 ex
1290 2960 1358 3027 fine
1384 2959 1549 3028 eiusdem.
1571 2958 1657 3027 Nam
1683 2982 1724 3027 ex
1746 2960 1820 3050 ipsa

488 3066 687 3133 narratione
709 3065 821 3155 liquet
842 3066 881 3132 id
902 3087 975 3132 non
998 3066 1150 3155 potuisse
1173 3065 1312 3133 evenire
1334 3064 1401 3133 nisi
1425 3064 1586 3154 longiore
1607 3064 1718 3154 spatio
1733 3071 1817 3133 tem-

487 3169 596 3262 poris3
624 3169 661 3237 id
685 3170 779 3260 quod
806 3172 844 3238 in
863 3172 973 3238 altera
998 3172 1145 3239 lectione
1167 3173 1273 3239 etiam
1296 3170 1454 3261 explicite
1472 3170 1598 3239 dicitur
1623 3170 1716 3262 (vide
1740 3193 1812 3240 var.

487 3275 595 3365 lect).
620 3276 737 3344 Solum
762 3276 861 3367 Hilq.
888 3284 1065 3344 auctorem
1094 3276 1139 3344 ad
1167 3277 1395 3367 Theophilum
1428 3277 1515 3345 adeo
1547 3276 1724 3368 stupidum
1747 3277 1817 3345 sibi

487 3383 604 3470 fingit,
621 3388 661 3450 ut
677 3388 796 3451 narret
810 3384 925 3450 statim
941 3390 1019 3473 post
1033 3385 1247 3451 sanationem
1262 3388 1295 3452 et
1309 3382 1515 3451 sacrificium
1527 3388 1733 3451 attentatum
1751 3383 1814 3451 ad-

487 3489 605 3556 venire
629 3488 786 3573 ludaeos,
804 3490 865 3580 qui
887 3489 1050 3557 continuo
1072 3489 1201 3579 populo
1214 3490 1463 3579 persuadeant,
1482 3496 1522 3559 ut
1544 3489 1689 3557 Paulum
1708 3511 1813 3580 quem

487 3594 590 3663 modo
613 3593 718 3663 deum
740 3595 934 3679 habebant,
958 3595 1114 3685 lapident
1135 3635 1179 3646 —
1201 3596 1261 3664 sed
1283 3596 1344 3664 ubi
1362 3597 1399 3664 in
1417 3601 1511 3664 textu
1533 3597 1706 3686 reperitur
1723 3595 1811 3664 illud

486 3700 623 3783 statim,
644 3700 836 3769 continno?
856 3706 957 3769 Notat
968 3700 1061 3768 Reda
1076 3723 1090 3767 .·
1105 3701 1142 3768 in
1164 3723 1292 3789 graeco
1305 3702 1429 3794 incipit
1446 3703 1532 3771 hacc
1551 3701 1732 3771 narratio:
1752 3703 1814 3770 de-

487 3807 701 3874 morantibus
715 3807 764 3875 eis
783 3816 817 3875 et
839 3807 1060 3887 docentibus,
1079 3831 1110 3877 v.
1129 3814 1169 3876 18
1186 3821 1456 3898 supervenerunt
1474 3820 1591 3877 antem
1606 3808 1751 3900 qnidam
1770 3810 1812 3875 ab

486 3912 671 3981 Antiochia
701 3927 734 3980 et
765 3914 882 3981 leonio
914 3914 1054 4000 leidae}
1085 3914 1156 3982 illis
1183 3937 1251 3982 non
1281 3914 1474 3984 sufficiebat
1501 3915 1607 3983 Paulo
1643 3914 1815 3983 molestias

486 4040 618 4087 creasse
639 4019 676 4086 in
696 4019 767 4087 suis
787 4019 934 4088 urbibus
957 4022 1091 4109 (13,50;
1112 4026 1202 4103 Μ.
1225 4022 1278 4109 5);
1300 4020 1446 4110 longum
1469 4019 1660 4112 suscipiunt
1680 4021 1758 4103 iter,
1778 4026 1817 4088 ut

359 4146 364 4156 ·
488 4124 657 4216 apostolos
681 4134 936 4216 persequantur
958 4132 991 4192 et
1014 4126 1225 4216 prohibeant
1247 4128 1477 4215 negantibus
1499 4128 1704 4218 loquantum
1730 4127 1816 4196 tales

485 4231 659 4322 apostolus
674 4254 814 4322 quoque
834 4231 999 4300 describit
1020 4240 1036 4300 1
1059 4234 1173 4300 Thess.
1196 4238 1290 4318 a‚15.
1310 4238 1369 4317 163
1387 4234 1489 4302 distat
1502 4233 1685 4302 Antiochia
1710 4256 1731 4303 a
1751 4239 1814 4321 by-

486 4337 564 4405 stris
575 4338 646 4406 lere
663 4344 726 4405 170
743 4338 919 4406 Kilometr.
940 4338 1055 4427 (Feli.)
1080 4351 1112 4406 et
1125 4341 1302 4429 persuasis
1318 4339 1427 4408 tarbis
1444 4380 1487 4393 -
1503 4340 1624 4433 aliqua
1640 4344 1731 4428 qdae
1750 4339 1816 4405 uti-

486 4465 553 4533 que
575 4444 802 4533 probabiliter
827 4445 983 4535 proferre
1003 4445 1176 4529 solebant,
1196 4446 1276 4515 side
1298 4447 1376 4515 lect.
1394 4468 1467 4515 var.
1482 4483 1528 4497 —
1547 4443 1811 4536 lapidantesque
1938 4510 1943 4517 .

485 4549 632 4617 Panium
657 4564 840 4619 traxerunt
860 4564 959 4619 entra
979 4552 1153 4620 civitatem
1174 4552 1408 4621 eaistimnntcs
1428 4573 1506 4620 enm
1526 4563 1700 4619 morinum
1719 4570 1812 4637 esse,·

489 4676 602 4723 avere
617 4656 749 4725 diaboli
767 4657 848 4742 lilii;
872 4681 942 4727 non
966 4658 1004 4725 in
1026 4658 1224 4728 civitatibus
1246 4660 1349 4728 modo
1364 4658 1450 4743 suis,
1466 4658 1527 4727 sed
1540 4664 1636 4727 cntra
1647 4658 1726 4726 illas
1743 4657 1811 4727 hoc

484 4761 658 4831 iaciebant
678 4767 714 4831 et
730 4770 825 4833 tanto
845 4765 959 4834 studio
979 4765 1150 4833 curabant
1164 4766 1458 4857 praedicationem
1476 4765 1519 4833 de
1538 4764 1654 4833 medio
1672 4763 1807 4850 tollere,
