4010 5474
38 319 48 353 ²
176 396 179 400 .
267 308 338 411 '372
830 368 895 412 rer.
918 353 1036 426 ear-a.

275 498 359 567 huic
375 501 567 590 spectaculo
585 522 661 590 par,
685 499 798 566 videre
821 499 961 568 Paulum
980 499 1114 567 duabus
1134 500 1265 568 catenis
1284 499 1437 566 vinctum
1460 501 1596 567 concio-

274 607 441 673 nantem?
452 605 626 697 quomodo
641 604 813 685 turbatus,
828 604 999 692 quomodo
1012 606 1171 673 contusus
1190 628 1261 674 non
1276 610 1326 673 est
1337 611 1472 673 tantum
1488 626 1594 694 popu·

273 711 347 780 lum
361 713 483 781 videns
497 714 735 799 exasperatum
754 736 768 767 ν
785 708 897 797 (δὴν.)
908 710 923 771 ‘l
936 730 968 775 v.
991 715 1006 774 l
1023 709 1092 775 viri
1102 710 1230 796 fratres
1250 724 1284 778 et
1302 726 1438 802 potres,
1454 711 1499 778 cf.
1516 715 1593 792 7‚2;

275 819 381 887 etiam
395 816 609 906 synedristas
623 814 661 880 in
685 818 780 880 tanta
801 813 979 880 hominum
993 813 1095 881 turba
1111 814 1230 883 adesse
1241 816 1297 883 vel
1311 822 1404 899 certo
1423 817 1523 885 scivit
1541 816 1596 883 vel

272 926 397 993 merito
413 920 593 1011 supponit3
609 917 699 986 unde
724 940 780 985 eos
799 931 914 1009 patrer
929 919 1132 1010 alloquitur;
1152 921 1275 989 iratres
1296 923 1483 1012 compellat
1500 943 1508 990 :
1525 945 1595 991 non

271 1030 404 1098 alienus
421 1047 498 1094 sum
512 1024 649 1093 avobis
672 1047 735 1093 nec
755 1031 873 1093 eontra
883 1047 941 1092 vos
957 1024 1074 1117 (cta),
1096 1026 1215 1094 audite
1229 1049 1335 1118 qrtom
1357 1026 1407 1094 od
1423 1051 1482 1094 vos
1501 1051 1596 1095 nunc

129 1206 132 1219 ,
203 1198 205 1203 .
271 1133 566 1217 reddoratz'onem,
578 1135 756 1219 ἀπολογίας,
770 1130 910 1222 sequasi
922 1132 1112 1221 supplicem
1123 1131 1396 1223 sistit(cur.);v.
1412 1138 1522 1200 ioum
1534 1156 1596 1200 ou·

273 1239 403 1307 diarent
416 1251 533 1306 autem
548 1239 634 1330 quia
649 1230 793 1306 hebraea
808 1236 929 1327 linqua
942 1235 1137 1327 loqueretur
1149 1238 1198 1307 ed
1210 1238 1305 1326 illos,
1323 1239 1435 1330 moqis
1445 1238 1594 1330 praesti·

271 1356 386 1414 terum
396 1344 574 1414 silentium
588 1354 710 1433 ἡσυχίαν
725 1344 852 1411 maiore
865 1343 1111 1433 tranquillitate
1125 1345 1216 1413 facta
1232 1346 1416 1414 attendunt
1435 1346 1479 1414 ad
1494 1367 1589 1426 eum;

269 1451 366 1535 vide,
387 1456 427 1519 ut
438 1452 529 1541 cepit
542 1472 600 1518 eos
619 1450 734 1540 patria
755 1448 876 1536 lingua
896 1470 1000 1539 quam
1020 1451 1216 1519 reverentia
1234 1451 1385 1541 quadam
1405 1474 1593 1542 proseque-

269 1558 397 1627 bantur
410 1555 549 1647 (cur-,tt
563 1554 846 1646 percommodum
859 1554 1070 1639 illisaccidit,
1086 1561 1126 1624 ut
1139 1557 1183 1624 de
1197 1555 1302 1624 rebus
1313 1557 1494 1644 religionis
1510 1579 1592 1625 suae

179 1669 181 1673 ’
268 1665 492 1732 disserentem
504 1660 627 1749 ignoto
642 1661 803 1729 Romanis
819 1682 974 1728 sermone
994 1660 1154 1755 audirent
1172 1662 1327 1752 (calm).
1342 1663 1591 1753 Exspectabam

269 1769 490 1837 Hellenistam
504 1789 627 1855 graece
643 1766 836 1834 locuturum
854 1786 942 1847 esse3
958 1768 1089 1857 placuit
1107 1767 1200 1858 quod
1219 1767 1402 1861 Hellenista
1419 1769 1590 1838 honorem

59 1903 62 1911 ·
156 1869 159 1875 ’
267 1875 420 1944 sermoni
434 1874 547 1965 patrio
562 1873 754 1954 deferebat,
769 1895 801 1940 v,
817 1879 836 1939 3
851 1886 884 1940 ct
897 1871 983 1941 dicit
994 1894 1008 1940 .·
1018 1896 1082 1965 epo
1093 1896 1171 1942 sum
1183 1874 1237 1942 vir
1253 1873 1416 1958 Iudaeus,
1432 1887 1536 1943 notus
1551 1872 1590 1942 irc

269 1984 371 2050 Turro
388 1979 548 2068 Ciliciae,
566 1979 718 2046 nutritus
736 1992 851 2046 aretem
869 1979 906 2046 in
925 1980 993 2048 ista
1010 1980 1150 2048 civitate
1169 2002 1264 2049 secter
1279 1979 1385 2073 pedes
1402 1980 1587 2066 Gamaliel,

266 2089 316 2156 ita
330 2109 402 2156 esse
424 2086 657 2174 iungendum,
679 2084 755 2176 ipsa
779 2086 965 2153 sententiae
990 2085 1243 2156 constructione
1265 2086 1442 2171 suadetur,
1468 2087 1589 2177 quiea

265 2192 458 2285 participiis
472 2214 601 2260 novum
613 2191 807 2259 membrum
821 2190 955 2281 incipit3
968 2193 1062 2260 etita
1074 2193 1226 2281 iungunt
1241 2193 1320 2262 our.
1338 2192 1486 2285 Theoplu
1499 2191 1561 2262 Fel
1577 2245 1585 2260 .

270 2298 421 2383 Wendt‚·
444 2327 461 2361 o
478 2319 645 2385 magnum
662 2320 744 2365 sane
756 2296 904 2365 ostendit
921 2319 1005 2385 erga
1017 2297 1221 2387 religionem
1241 2298 1412 2383 studium,
1431 2298 1588 2390 quando-

265 2405 405 2497 quidem
431 2412 501 2472 tam
527 2403 639 2487 clara,
663 2410 733 2471 tam
758 2408 887 2471 remota
909 2403 1044 2473 civitate
1073 2404 1196 2473 relicta
1222 2405 1281 2474 hic
1309 2404 1422 2474 voluit
1446 2405 1587 2474 educari

264 2517 408 2602 propter
425 2512 556 2597 legem3
575 2508 653 2576 vidc
668 2508 839 2598 quomodo
852 2509 921 2577 iam
936 2508 1018 2577 olim
1031 2510 1069 2578 in
1085 2511 1217 2579 honore
1233 2511 1387 2580 habebat
1399 2511 1528 2600 legem.
1546 2516 1588 2578 lt

264 2618 411 2685 fortasse
425 2616 548 2684 dixerit
562 2615 745 2706 quisquam
762 2637 770 2683 ε
785 2614 872 2681 nihil
886 2615 928 2683 ad
951 2637 1024 2683 rem
1042 2616 1126 2685 iacit
1138 2615 1235 2708 quod
1252 2618 1353 2686 isthic
1367 2618 1532 2686 educatus
1545 2617 1588 2684 sit

263 2724 436 2813 (ἀνετράφη)
449 2742 457 2801 ;
471 2745 514 2790 nc
529 2722 567 2789 id
577 2743 661 2810 ergo
674 2728 850 2811 putaretur
863 2720 996 2789 addidit
1009 2721 1058 2790 ad
1061 2722 1170 2815 pedes
1186 2722 1376 2805 Gamoliel,
1393 2745 1460 2791 nec
1472 2722 1585 2791 solum

262 2830 347 2898 dixit
368 2849 377 2897 :
400 2827 492 2919 apud
509 2827 688 2903 Gamaliel,
710 2827 770 2895 sed
790 2826 839 2894 od
853 2825 956 2918 pedes
975 2849 989 2895 .·
1006 2830 1318 2919 perseverantiam,
1335 2828 1583 2907 assiduitatem,

262 2935 416 3004 studium
443 2933 608 3001 audiendi
629 2933 806 3000 declarans
830 2940 865 3001 et
887 2932 1032 3003 multam
1057 2955 1142 3025 erga
1165 2934 1281 3003 virum
1301 2933 1403 3003 illum
1424 2956 1585 3004 reveren·

261 3044 346 3110 tiam
364 3069 381 3102 νν
398 3039 524 3130 (Clam).
544 3043 589 3105 Dc
602 3037 765 3106 Gamaliel
781 3038 824 3106 cl.
843 3045 933 3121 5‚3t.
1555 3117 1558 3123 ,

305 3148 372 3216 Alii
390 3156 506 3214 tamen
517 3145 668 3233 iungunt
685 3144 734 3210 uti
755 3144 1030 3234 interpunctione
1043 3145 1081 3213 in
1099 3145 1196 3234 vulg.
1220 3145 1406 3228 iudicatur,
1428 3148 1585 3215 referunt

262 3255 336 3324 soil.
354 3277 451 3322 secus
464 3251 570 3343 pedes
588 3252 629 3319 G.
646 3251 690 3318 ad
706 3250 883 3340 sequeutia
897 3250 963 3340 (Bl.
992 3251 1129 3342 Weiss);
1151 3252 1213 3320 sed
1231 3274 1311 3320 cum
1330 3257 1502 3343 ἀνατρέφειν
1522 3275 1583 3320 no-

257 3362 352 3431 tione
367 3358 543 3429 educoucli
561 3360 642 3444 (non
660 3355 845 3446 nutriendi)
862 3355 969 3447 accipi
987 3355 1127 3441 debeat,
1152 3357 1215 3427 illa
1233 3358 1346 3427 altera
1371 3357 1580 3428 constructio

257 3469 302 3537 ob
327 3468 576 3536 sententiarum
610 3462 870 3531 concinnitatem
888 3463 1112 3553 praeferenda
1136 3464 1283 3534 videtur.
1311 3466 1442 3534 Habere
1462 3472 1581 3533 autem

257 3580 429 3666 ἁνατρέςενν
447 3571 625 3640 notionem
647 3568 832 3651 educandi,
848 3569 1001 3636 animum
1016 3569 1190 3638 formandi
1204 3579 1337 3639 certum
1352 3578 1402 3639 est
1423 3571 1477 3661 (cl.
1495 3576 1579 3639 Xen.

256 3689 352 3751 llem.
378 3687 506 3760 nalo.
530 3685 549 3747 t
571 3678 675 3745 llach.
703 3682 796 3759 1033
820 3674 888 3741 alia
913 3673 989 3741 vide
1011 3674 1106 3764 apud
1141 3676 1256 3759 Wolt
1282 3676 1425 3764 Clavis);
1451 3679 1582 3767 pariter

257 3796 388 3857 certum
401 3793 451 3854 est
466 3807 507 3853 eo
523 3806 623 3852 sensu
641 3781 697 3850 hic
712 3781 837 3848 debere
851 3778 954 3859 sumi3
977 3801 1061 3847 nam
1085 3780 1182 3850 adid
1204 3783 1299 3874 quod
1318 3782 1443 3852 Paulus
1465 3783 1512 3851 ad
1529 3782 1583 3851 sui

258 3894 495 3961 defensionem
511 3891 626 3958 dicere
639 3888 729 3967 vult,
746 3885 833 3953 nihil
847 3886 978 3953 confert
993 3885 1089 3977 quod
1110 3910 1236 3979 corpus
1254 3889 1328 3957 eius
1349 3890 1519 3957 nutritum
1538 3888 1583 3957 sit

258 4001 295 4068 in
309 4000 372 4066 ista
390 3997 494 4077 urbo,
512 3996 701 4085 plurimum
714 3999 828 4060 autem
841 3992 972 4061 confert
984 3992 1078 4083 quod
1096 3992 1278 4077 educatus,
1295 3995 1431 4064 animus
1443 3996 1517 4063 eius
1530 3993 1583 4063 ibi

257 4110 423 4177 formatus
442 4102 486 4170 sit
508 4103 602 4193 apud
623 4101 796 4169 doctorem
812 4098 899 4186 legis
920 4099 1265 4171 celeberrimum&
1288 4124 1359 4193 qua
1376 4101 1582 4170 educatione

256 4223 290 4284 ct
304 4210 412 4281 animi
436 4207 639 4277 formatione
658 4205 693 4274 id
711 4203 886 4297 speciatim
908 4207 1007 4299 effert
1021 4207 1115 4298 quod
1134 4230 1240 4299 quam
1266 4210 1416 4276 maxime
1434 4207 1477 4275 ad
1507 4227 1582 4274 rem

256 4322 339 4389 facit
355 4341 362 4387 :
376 4315 531 4385 cruditus
547 4314 645 4380 inccta
658 4312 832 4380 veritatem
851 4316 925 4381 azzi
944 4317 1093 4403 ἁκρίεειαν
1107 4312 1299 4383 secundum
1326 4312 1581 4382 accurationem

264 4426 498 4517 (diligentiam
517 4421 595 4509 gig3
618 4420 770 4508 rigorem
788 4417 892 4504 Boot,
909 4420 1163 4489 accommodate
1181 4418 1228 4487 ad
1258 4419 1474 4488 severitatem
1493 4418 1582 4508 legis

259 4533 434 4601 mosaicae
452 4526 600 4618 Grimm)
618 4537 784 4618 pateruae
803 4525 904 4616 lepis,
920 4526 1007 4616 legis
1024 4525 1251 4595 amarioribus
1269 4532 1431 4617 acceptae
1451 4548 1491 4594 ac
1508 4531 1581 4595 tra·

237 4624 240 4632 ’
258 4638 352 4706 ditae
372 4639 429 4726 (cf.
448 4634 588 4703 altach.
608 4633 696 4720 (tl),
715 4632 761 4701 ad
773 4632 922 4701 strictam
937 4633 1053 4725 itaque
1068 4633 1326 4702 observantiam
1340 4632 1459 4722 legisa
1470 4654 1581 4723 puero

265 4745 420 4813 eruditus
441 4749 492 4812 cst
511 4748 545 4810 et
564 4763 680 4811 severe
703 4737 904 4809 exercitatus
922 4738 960 4809 in
982 4740 1056 4808 eius
1079 4738 1232 4809 custodia
1247 4739 1305 4831 (cl.
1327 4738 1415 4809 Phil.
1437 4745 1509 4826 3,5.
1530 4738 1579 4827 6).
